<collection xmlns="http://www.loc.gov/MARC21/slim">
<record>
  <leader>00748nz  a2200181n  4500</leader>
  <controlfield tag="001">11258042</controlfield>
  <controlfield tag="003">DLC</controlfield>
  <controlfield tag="005">20200104003610.0</controlfield>
  <controlfield tag="008">200104n| azannaabn          |a aaa      </controlfield>
  <datafield tag="010" ind1=" " ind2=" ">
    <subfield code="a">n 2020228006</subfield>
  </datafield>
  <datafield tag="040" ind1=" " ind2=" ">
    <subfield code="a">DLC</subfield>
    <subfield code="b">eng</subfield>
    <subfield code="c">DLC</subfield>
    <subfield code="e">rda</subfield>
  </datafield>
  <datafield tag="100" ind1="0" ind2=" ">
    <subfield code="a">Mohd. Johan Lee</subfield>
  </datafield>
  <datafield tag="370" ind1=" " ind2=" ">
    <subfield code="c">Malaysia</subfield>
  </datafield>
  <datafield tag="375" ind1=" " ind2=" ">
    <subfield code="a">male</subfield>
  </datafield>
  <datafield tag="377" ind1=" " ind2=" ">
    <subfield code="a">may</subfield>
  </datafield>
  <datafield tag="400" ind1="1" ind2=" ">
    <subfield code="a">Johan Lee, Mohd.</subfield>
  </datafield>
  <datafield tag="400" ind1="1" ind2=" ">
    <subfield code="a">Lee, Mohd. Johan</subfield>
  </datafield>
  <datafield tag="670" ind1=" " ind2=" ">
    <subfield code="a">Islamic Financial Services Act 2013, 2018:</subfield>
    <subfield code="b">title page (Mohd. Johan Lee) cover page 4 (Dr. Johan; graduated LLB (Hons), IIUM; Master of comparative laws degree; Ph.D., in business and commercial law, Monash university Australia; Advocate and solocitor of High Court of Malaya, High Court of Sabah &amp; Sarawak, the Shariah Court and the supreme Court of Brunei)</subfield>
  </datafield>
</record>