
<record>
  <leader>00851nz  a2200205n  4500</leader>
  <controlfield tag="001">11258052</controlfield>
  <controlfield tag="003">DLC</controlfield>
  <controlfield tag="005">20200104050906.0</controlfield>
  <controlfield tag="008">191231n| azannaabn          |a ana      </controlfield>
  <datafield tag="010" ind1=" " ind2=" ">
    <subfield code="a">nb2019024502</subfield>
  </datafield>
  <datafield tag="035" ind1=" " ind2=" ">
    <subfield code="a">(Uk)010712133</subfield>
  </datafield>
  <datafield tag="040" ind1=" " ind2=" ">
    <subfield code="a">Uk</subfield>
    <subfield code="b">eng</subfield>
    <subfield code="e">rda</subfield>
    <subfield code="c">Uk</subfield>
  </datafield>
  <datafield tag="046" ind1=" " ind2=" ">
    <subfield code="s">2019-11-21</subfield>
    <subfield code="t">2019-11-23</subfield>
    <subfield code="2">edtf</subfield>
  </datafield>
  <datafield tag="111" ind1="2" ind2=" ">
    <subfield code="a">ADMA (Conference)</subfield>
    <subfield code="n">(15th :</subfield>
    <subfield code="d">2019 :</subfield>
    <subfield code="c">Dalian Shi, China)</subfield>
  </datafield>
  <datafield tag="368" ind1=" " ind2=" ">
    <subfield code="a">Congresses and conventions</subfield>
    <subfield code="2">lcsh</subfield>
  </datafield>
  <datafield tag="370" ind1=" " ind2=" ">
    <subfield code="e">Dalian Shi (China)</subfield>
    <subfield code="2">naf</subfield>
  </datafield>
  <datafield tag="372" ind1=" " ind2=" ">
    <subfield code="a">Data mining</subfield>
    <subfield code="2">lcsh</subfield>
  </datafield>
  <datafield tag="377" ind1=" " ind2=" ">
    <subfield code="a">eng</subfield>
  </datafield>
  <datafield tag="411" ind1="2" ind2=" ">
    <subfield code="a">International Conference on Advanced Data Mining and Applications</subfield>
    <subfield code="n">(15th :</subfield>
    <subfield code="d">2019 :</subfield>
    <subfield code="c">Dalian Shi, China)</subfield>
  </datafield>
  <datafield tag="670" ind1=" " ind2=" ">
    <subfield code="a">Advanced data mining and applications, [2019]:</subfield>
    <subfield code="b">title page (15th International Conference, ADMA 2019, Dalian, China, November 21-23, 2019) preface (15th International Conference on Advanced Data Mining and Applications)</subfield>
  </datafield>
</record>