
<record>
  <leader>00880nz  a2200205n  4500</leader>
  <controlfield tag="001">11258053</controlfield>
  <controlfield tag="003">DLC</controlfield>
  <controlfield tag="005">20200104050906.0</controlfield>
  <controlfield tag="008">191220n| azannaabn          |a ana      </controlfield>
  <datafield tag="010" ind1=" " ind2=" ">
    <subfield code="a">nb2019024400</subfield>
  </datafield>
  <datafield tag="035" ind1=" " ind2=" ">
    <subfield code="a">(Uk)010705503</subfield>
  </datafield>
  <datafield tag="040" ind1=" " ind2=" ">
    <subfield code="a">Uk</subfield>
    <subfield code="b">eng</subfield>
    <subfield code="e">rda</subfield>
    <subfield code="c">Uk</subfield>
  </datafield>
  <datafield tag="046" ind1=" " ind2=" ">
    <subfield code="s">2019-10-17</subfield>
    <subfield code="t">2019-10-17</subfield>
    <subfield code="2">edtf</subfield>
  </datafield>
  <datafield tag="111" ind1="2" ind2=" ">
    <subfield code="a">GLMI (Workshop)</subfield>
    <subfield code="n">(1st :</subfield>
    <subfield code="d">2019 :</subfield>
    <subfield code="c">Shenzhen Shi, China)</subfield>
  </datafield>
  <datafield tag="368" ind1=" " ind2=" ">
    <subfield code="a">Congresses and conventions</subfield>
    <subfield code="2">lcsh</subfield>
  </datafield>
  <datafield tag="370" ind1=" " ind2=" ">
    <subfield code="e">Shenzhen Shi (China)</subfield>
    <subfield code="2">naf</subfield>
  </datafield>
  <datafield tag="372" ind1=" " ind2=" ">
    <subfield code="a">Diagnostic imaging</subfield>
    <subfield code="2">lcsh</subfield>
  </datafield>
  <datafield tag="377" ind1=" " ind2=" ">
    <subfield code="a">eng</subfield>
  </datafield>
  <datafield tag="411" ind1="2" ind2=" ">
    <subfield code="a">International Workshop on Graph Learning in Medical Imaging</subfield>
    <subfield code="n">(1st :</subfield>
    <subfield code="d">2019 :</subfield>
    <subfield code="c">Shenzhen Shi, China)</subfield>
  </datafield>
  <datafield tag="670" ind1=" " ind2=" ">
    <subfield code="a">Graph Learning in Medical Imaging, [2019]:</subfield>
    <subfield code="b">title page (First International Workshop, GLMI 2019, held in conjunction with MICCAI 2019, Shenzhen, China, October 17, 2019) preface (First International Workshop on Graph Learning in Medical Imaging)</subfield>
  </datafield>
</record>