
<record>
  <leader>00759nz  a2200193n  4500</leader>
  <controlfield tag="001">11258056</controlfield>
  <controlfield tag="003">DLC</controlfield>
  <controlfield tag="005">20200104050907.0</controlfield>
  <controlfield tag="008">200102n| azannaabn          |a ana      </controlfield>
  <datafield tag="010" ind1=" " ind2=" ">
    <subfield code="a">nb2020000003</subfield>
  </datafield>
  <datafield tag="035" ind1=" " ind2=" ">
    <subfield code="a">(Uk)010712547</subfield>
  </datafield>
  <datafield tag="040" ind1=" " ind2=" ">
    <subfield code="a">Uk</subfield>
    <subfield code="b">eng</subfield>
    <subfield code="e">rda</subfield>
    <subfield code="c">Uk</subfield>
  </datafield>
  <datafield tag="046" ind1=" " ind2=" ">
    <subfield code="s">2019-12-02</subfield>
    <subfield code="t">2019-12-05</subfield>
    <subfield code="2">edtf</subfield>
  </datafield>
  <datafield tag="111" ind1="2" ind2=" ">
    <subfield code="a">Australasian Joint Conference on Artificial Intelligence</subfield>
    <subfield code="n">(32nd :</subfield>
    <subfield code="d">2019 :</subfield>
    <subfield code="c">Adelaide, S.A.)</subfield>
  </datafield>
  <datafield tag="368" ind1=" " ind2=" ">
    <subfield code="a">Congresses and conventions</subfield>
    <subfield code="2">lcsh</subfield>
  </datafield>
  <datafield tag="370" ind1=" " ind2=" ">
    <subfield code="e">Adelaide (S.A.)</subfield>
    <subfield code="2">naf</subfield>
  </datafield>
  <datafield tag="377" ind1=" " ind2=" ">
    <subfield code="a">eng</subfield>
  </datafield>
  <datafield tag="411" ind1="2" ind2=" ">
    <subfield code="a">AI (Conference)</subfield>
    <subfield code="n">(32nd :</subfield>
    <subfield code="d">2019 :</subfield>
    <subfield code="c">Adelaide, S.A.)</subfield>
  </datafield>
  <datafield tag="670" ind1=" " ind2=" ">
    <subfield code="a">AI 2019, [2019]:</subfield>
    <subfield code="b">title page (32nd Australasian Joint Conference, Adelaide, SA, Australia December 2-5, 2019) preface (32nd Australasian Joint Conference on Artificial Intelligence)</subfield>
  </datafield>
</record>