
<record>
  <leader>00884nz  a2200205n  4500</leader>
  <controlfield tag="001">11258059</controlfield>
  <controlfield tag="003">DLC</controlfield>
  <controlfield tag="005">20200104050908.0</controlfield>
  <controlfield tag="008">191220n| azannaabn          |a ana      </controlfield>
  <datafield tag="010" ind1=" " ind2=" ">
    <subfield code="a">nb2019024426</subfield>
  </datafield>
  <datafield tag="035" ind1=" " ind2=" ">
    <subfield code="a">(Uk)010705525</subfield>
  </datafield>
  <datafield tag="040" ind1=" " ind2=" ">
    <subfield code="a">Uk</subfield>
    <subfield code="b">eng</subfield>
    <subfield code="e">rda</subfield>
    <subfield code="c">Uk</subfield>
  </datafield>
  <datafield tag="046" ind1=" " ind2=" ">
    <subfield code="s">2019-09-23</subfield>
    <subfield code="t">2019-09-25</subfield>
    <subfield code="2">edtf</subfield>
  </datafield>
  <datafield tag="111" ind1="2" ind2=" ">
    <subfield code="a">ICWL (Conference)</subfield>
    <subfield code="n">(18th :</subfield>
    <subfield code="d">2019 :</subfield>
    <subfield code="c">Magdeburg, Germany)</subfield>
  </datafield>
  <datafield tag="368" ind1=" " ind2=" ">
    <subfield code="a">Congresses and conventions</subfield>
    <subfield code="2">lcsh</subfield>
  </datafield>
  <datafield tag="370" ind1=" " ind2=" ">
    <subfield code="e">Magdeburg (Germany)</subfield>
    <subfield code="2">naf</subfield>
  </datafield>
  <datafield tag="372" ind1=" " ind2=" ">
    <subfield code="a">Web-based instruction</subfield>
    <subfield code="a">Internet in education</subfield>
    <subfield code="a">Education--Computer network resources</subfield>
    <subfield code="2">lcsh</subfield>
  </datafield>
  <datafield tag="377" ind1=" " ind2=" ">
    <subfield code="a">eng</subfield>
  </datafield>
  <datafield tag="411" ind1="2" ind2=" ">
    <subfield code="a">International Conference on Web-Based Learning</subfield>
    <subfield code="n">(18th :</subfield>
    <subfield code="d">2019 :</subfield>
    <subfield code="c">Magdeburg, Germany)</subfield>
  </datafield>
  <datafield tag="670" ind1=" " ind2=" ">
    <subfield code="a">Advances in web-based learning -- ICWL 2019, [2019]:</subfield>
    <subfield code="b">title page (18th International Conference, Magdeburg, Germany, September 23-25, 2019) preface (International Conference on Web-Based Learning)</subfield>
  </datafield>
</record>