
<record>
  <leader>00700nz  a2200205n  4500</leader>
  <controlfield tag="001">11258060</controlfield>
  <controlfield tag="003">DLC</controlfield>
  <controlfield tag="005">20200104050909.0</controlfield>
  <controlfield tag="008">200103n| azannaabn          |a aaa      </controlfield>
  <datafield tag="010" ind1=" " ind2=" ">
    <subfield code="a">nb2020000033</subfield>
  </datafield>
  <datafield tag="035" ind1=" " ind2=" ">
    <subfield code="a">(Uk)010713035</subfield>
  </datafield>
  <datafield tag="040" ind1=" " ind2=" ">
    <subfield code="a">Uk</subfield>
    <subfield code="b">eng</subfield>
    <subfield code="e">rda</subfield>
    <subfield code="c">Uk</subfield>
  </datafield>
  <datafield tag="046" ind1=" " ind2=" ">
    <subfield code="s">20</subfield>
  </datafield>
  <datafield tag="100" ind1="1" ind2=" ">
    <subfield code="a">Selemeneva, O. A.</subfield>
    <subfield code="q">(Olʹga Aleksandrovna)</subfield>
  </datafield>
  <datafield tag="370" ind1=" " ind2=" ">
    <subfield code="c">Russia (Federation)</subfield>
    <subfield code="2">naf</subfield>
  </datafield>
  <datafield tag="375" ind1=" " ind2=" ">
    <subfield code="a">Females</subfield>
    <subfield code="2">lcsh</subfield>
  </datafield>
  <datafield tag="377" ind1=" " ind2=" ">
    <subfield code="a">rus</subfield>
  </datafield>
  <datafield tag="378" ind1=" " ind2=" ">
    <subfield code="q">Olʹga Aleksandrovna</subfield>
  </datafield>
  <datafield tag="400" ind1="1" ind2=" ">
    <subfield code="a">Selemeneva, Olʹga Aleksandrovna</subfield>
  </datafield>
  <datafield tag="670" ind1=" " ind2=" ">
    <subfield code="a">Kont︠s︡ept &quot;sostoi︠a︡nie prirody&quot; v russkom i︠a︡zyke (na materiale khudozhestvennykh tekstov XIX-XX vekov), 2017:</subfield>
    <subfield code="b">t.p. (O.A. Selemeneva) colophon (Selemeneva Olʹga Aleksandrovna)</subfield>
  </datafield>
</record>