
<record>
  <leader>00795nz  a2200205n  4500</leader>
  <controlfield tag="001">11258062</controlfield>
  <controlfield tag="003">DLC</controlfield>
  <controlfield tag="005">20200104050909.0</controlfield>
  <controlfield tag="008">200102n| azannaabn          |a ana      </controlfield>
  <datafield tag="010" ind1=" " ind2=" ">
    <subfield code="a">nb2020000007</subfield>
  </datafield>
  <datafield tag="035" ind1=" " ind2=" ">
    <subfield code="a">(Uk)010712549</subfield>
  </datafield>
  <datafield tag="040" ind1=" " ind2=" ">
    <subfield code="a">Uk</subfield>
    <subfield code="b">eng</subfield>
    <subfield code="e">rda</subfield>
    <subfield code="c">Uk</subfield>
  </datafield>
  <datafield tag="046" ind1=" " ind2=" ">
    <subfield code="s">2019-06-24</subfield>
    <subfield code="t">2019-06-29</subfield>
    <subfield code="2">edtf</subfield>
  </datafield>
  <datafield tag="111" ind1="2" ind2=" ">
    <subfield code="a">SEA² (Special Event)</subfield>
    <subfield code="d">(2019 :</subfield>
    <subfield code="c">Kalamata, Greece)</subfield>
  </datafield>
  <datafield tag="368" ind1=" " ind2=" ">
    <subfield code="a">Congresses and conventions</subfield>
    <subfield code="2">lcsh</subfield>
  </datafield>
  <datafield tag="370" ind1=" " ind2=" ">
    <subfield code="e">Kalamata (Greece)</subfield>
    <subfield code="2">naf</subfield>
  </datafield>
  <datafield tag="372" ind1=" " ind2=" ">
    <subfield code="a">Computer algorithms</subfield>
    <subfield code="2">lcsh</subfield>
  </datafield>
  <datafield tag="377" ind1=" " ind2=" ">
    <subfield code="a">eng</subfield>
  </datafield>
  <datafield tag="411" ind1="2" ind2=" ">
    <subfield code="a">Special Event on Analysis of Experimental Algorithms</subfield>
    <subfield code="d">(2019 :</subfield>
    <subfield code="c">Kalamata, Greece)</subfield>
  </datafield>
  <datafield tag="670" ind1=" " ind2=" ">
    <subfield code="a">Analysis of experimental algorithms, [2019]:</subfield>
    <subfield code="b">title page (Special Event, SEA² 2019, Kalamata, Greece, June 24-29, 2019) preface (Special Event on Analysis of Experimental Algorithms)</subfield>
  </datafield>
</record>