
<record>
  <leader>00841nz  a2200229n  4500</leader>
  <controlfield tag="001">11258067</controlfield>
  <controlfield tag="003">DLC</controlfield>
  <controlfield tag="005">20200104050911.0</controlfield>
  <controlfield tag="008">200103n| azannaabn          |a aaa      </controlfield>
  <datafield tag="010" ind1=" " ind2=" ">
    <subfield code="a">nb2020000044</subfield>
  </datafield>
  <datafield tag="035" ind1=" " ind2=" ">
    <subfield code="a">(Uk)010713046</subfield>
  </datafield>
  <datafield tag="040" ind1=" " ind2=" ">
    <subfield code="a">Uk</subfield>
    <subfield code="b">eng</subfield>
    <subfield code="e">rda</subfield>
    <subfield code="c">Uk</subfield>
  </datafield>
  <datafield tag="046" ind1=" " ind2=" ">
    <subfield code="f">1941</subfield>
    <subfield code="g">2016</subfield>
    <subfield code="2">edtf</subfield>
  </datafield>
  <datafield tag="100" ind1="1" ind2=" ">
    <subfield code="a">Kovalenko, V. S.</subfield>
    <subfield code="q">(Vladimir Semenovich),</subfield>
    <subfield code="d">1941-2016</subfield>
  </datafield>
  <datafield tag="370" ind1=" " ind2=" ">
    <subfield code="a">Uzbekistan</subfield>
    <subfield code="c">Aleksandrov (Vladimirskai︠a︡ oblastʹ, Russia)</subfield>
    <subfield code="2">naf</subfield>
  </datafield>
  <datafield tag="372" ind1=" " ind2=" ">
    <subfield code="a">Literature</subfield>
    <subfield code="a">Criticism</subfield>
    <subfield code="2">lcsh</subfield>
  </datafield>
  <datafield tag="374" ind1=" " ind2=" ">
    <subfield code="a">Critics</subfield>
    <subfield code="2">lcsh</subfield>
  </datafield>
  <datafield tag="375" ind1=" " ind2=" ">
    <subfield code="a">Males</subfield>
    <subfield code="2">lcsh</subfield>
  </datafield>
  <datafield tag="377" ind1=" " ind2=" ">
    <subfield code="a">rus</subfield>
  </datafield>
  <datafield tag="378" ind1=" " ind2=" ">
    <subfield code="q">Vladimir Semenovich</subfield>
  </datafield>
  <datafield tag="400" ind1="1" ind2=" ">
    <subfield code="a">Kovalenko, Vladimir Semenovich</subfield>
  </datafield>
  <datafield tag="670" ind1=" " ind2=" ">
    <subfield code="a">&quot;Li︠u︡bitʹ - znachit deĭstvovatʹ ! &quot;, 2019:</subfield>
    <subfield code="b">t.p. (V.S. Kovalenko) p.2-3 (Kovalenko Vladimir Semenovich (1941-2016), born in Uzbekistan, lived in Aleksandrov ; literature historian, critic)</subfield>
  </datafield>
</record>