
<record>
  <leader>00602nz  a2200181n  4500</leader>
  <controlfield tag="001">11258072</controlfield>
  <controlfield tag="003">DLC</controlfield>
  <controlfield tag="005">20200104050913.0</controlfield>
  <controlfield tag="008">200103n| azannaabn          |n ana      </controlfield>
  <datafield tag="010" ind1=" " ind2=" ">
    <subfield code="a">nb2020000039</subfield>
  </datafield>
  <datafield tag="035" ind1=" " ind2=" ">
    <subfield code="a">(Uk)010713041</subfield>
  </datafield>
  <datafield tag="040" ind1=" " ind2=" ">
    <subfield code="a">Uk</subfield>
    <subfield code="b">eng</subfield>
    <subfield code="e">rda</subfield>
    <subfield code="c">Uk</subfield>
  </datafield>
  <datafield tag="110" ind1="2" ind2=" ">
    <subfield code="a">Orlovskai︠a︡ muzhskai︠a︡ gimnazii︠a︡</subfield>
  </datafield>
  <datafield tag="368" ind1=" " ind2=" ">
    <subfield code="a">Universities and colleges</subfield>
    <subfield code="a">Schools</subfield>
    <subfield code="2">lcsh</subfield>
  </datafield>
  <datafield tag="370" ind1=" " ind2=" ">
    <subfield code="c">Orel (Orlovskai︠a︡ oblastʹ, Russia)</subfield>
    <subfield code="2">naf</subfield>
  </datafield>
  <datafield tag="372" ind1=" " ind2=" ">
    <subfield code="a">Education</subfield>
    <subfield code="2">lcsh</subfield>
  </datafield>
  <datafield tag="377" ind1=" " ind2=" ">
    <subfield code="a">rus</subfield>
  </datafield>
  <datafield tag="670" ind1=" " ind2=" ">
    <subfield code="a">Orlovskai︠a︡ muzhskai︠a︡ gimnazii︠a︡, 2019:</subfield>
    <subfield code="b">t.p. (Orlovskai︠a︡ muzhskai︠a︡ gimnazii︠a︡)</subfield>
  </datafield>
</record>