
<record>
  <leader>00824nz  a2200205n  4500</leader>
  <controlfield tag="001">11258084</controlfield>
  <controlfield tag="003">DLC</controlfield>
  <controlfield tag="005">20200104050916.0</controlfield>
  <controlfield tag="008">191219n| azannaabn          |a ana      </controlfield>
  <datafield tag="010" ind1=" " ind2=" ">
    <subfield code="a">nb2019024315</subfield>
  </datafield>
  <datafield tag="035" ind1=" " ind2=" ">
    <subfield code="a">(Uk)010704362</subfield>
  </datafield>
  <datafield tag="040" ind1=" " ind2=" ">
    <subfield code="a">Uk</subfield>
    <subfield code="b">eng</subfield>
    <subfield code="e">rda</subfield>
    <subfield code="c">Uk</subfield>
  </datafield>
  <datafield tag="046" ind1=" " ind2=" ">
    <subfield code="s">2019-12-02</subfield>
    <subfield code="t">2019-12-06</subfield>
    <subfield code="2">edtf</subfield>
  </datafield>
  <datafield tag="111" ind1="2" ind2=" ">
    <subfield code="a">International Conference on Integrated Formal Methods</subfield>
    <subfield code="n">(15th :</subfield>
    <subfield code="d">2019 :</subfield>
    <subfield code="c">Bergen, Norway)</subfield>
  </datafield>
  <datafield tag="368" ind1=" " ind2=" ">
    <subfield code="a">Congresses and conventions</subfield>
    <subfield code="2">lcsh</subfield>
  </datafield>
  <datafield tag="370" ind1=" " ind2=" ">
    <subfield code="e">Bergen (Norway)</subfield>
    <subfield code="2">naf</subfield>
  </datafield>
  <datafield tag="372" ind1=" " ind2=" ">
    <subfield code="a">Formal methods (Computer science)</subfield>
    <subfield code="2">lcsh</subfield>
  </datafield>
  <datafield tag="377" ind1=" " ind2=" ">
    <subfield code="a">eng</subfield>
  </datafield>
  <datafield tag="411" ind1="2" ind2=" ">
    <subfield code="a">IFM (Conference)</subfield>
    <subfield code="n">(15th :</subfield>
    <subfield code="d">2019 :</subfield>
    <subfield code="c">Bergen, Norway)</subfield>
  </datafield>
  <datafield tag="670" ind1=" " ind2=" ">
    <subfield code="a">Integrated Formal Methods, [2019]:</subfield>
    <subfield code="b">title page (15th international conference, IFM 2019 Bergen, Norway, December 2-6, 2019) preface (15th International Conference on Integrated Formal Methods)</subfield>
  </datafield>
</record>