
<record>
  <leader>00389nz  a2200121n  4500</leader>
  <controlfield tag="001">11258090</controlfield>
  <controlfield tag="003">DLC</controlfield>
  <controlfield tag="005">20200104070839.0</controlfield>
  <controlfield tag="008">200104n| azannaabn          |n aaa      </controlfield>
  <datafield tag="010" ind1=" " ind2=" ">
    <subfield code="a">n 2020000407</subfield>
  </datafield>
  <datafield tag="040" ind1=" " ind2=" ">
    <subfield code="a">DLC</subfield>
    <subfield code="b">eng</subfield>
    <subfield code="e">rda</subfield>
    <subfield code="c">DLC</subfield>
  </datafield>
  <datafield tag="100" ind1="1" ind2=" ">
    <subfield code="a">Rouillon, Henri,</subfield>
    <subfield code="d">1878-1972</subfield>
  </datafield>
  <datafield tag="670" ind1=" " ind2=" ">
    <subfield code="a">Un dessinateur et un comte dans la Grande Guerre, 2016:</subfield>
    <subfield code="b">p. 13, etc. (Henri Rouillon; b. May 20, 1878; d. May 22, 1972)</subfield>
  </datafield>
</record>