
<record>
  <leader>00446nz  a2200133n  4500</leader>
  <controlfield tag="001">11258091</controlfield>
  <controlfield tag="003">DLC</controlfield>
  <controlfield tag="005">20200104070956.0</controlfield>
  <controlfield tag="008">200104n| azannaabn          |a aaa      </controlfield>
  <datafield tag="010" ind1=" " ind2=" ">
    <subfield code="a">n 2020000408</subfield>
  </datafield>
  <datafield tag="040" ind1=" " ind2=" ">
    <subfield code="a">DLC</subfield>
    <subfield code="b">eng</subfield>
    <subfield code="e">rda</subfield>
    <subfield code="c">DLC</subfield>
  </datafield>
  <datafield tag="100" ind1="1" ind2=" ">
    <subfield code="a">Maillard, Henry de,</subfield>
    <subfield code="d">1874-1953</subfield>
  </datafield>
  <datafield tag="400" ind1="1" ind2=" ">
    <subfield code="a">De Maillard, Henry,</subfield>
    <subfield code="d">1874-1953</subfield>
  </datafield>
  <datafield tag="670" ind1=" " ind2=" ">
    <subfield code="a">Un dessinateur et un comte dans la Grande Guerre, 2016:</subfield>
    <subfield code="b">p. 255, etc. (Henry de Maillard; b. Sept. 24, 1874; d. Mar. 18, 1953)</subfield>
  </datafield>
</record>