
<record>
  <leader>00521nz  a2200169n  4500</leader>
  <controlfield tag="001">11258092</controlfield>
  <controlfield tag="003">DLC</controlfield>
  <controlfield tag="005">20200104073003.0</controlfield>
  <controlfield tag="008">200103n| azannaabn          |n aaa     c</controlfield>
  <datafield tag="010" ind1=" " ind2=" ">
    <subfield code="a">no2020000080</subfield>
  </datafield>
  <datafield tag="035" ind1=" " ind2=" ">
    <subfield code="a">(OCoLC)oca12667621</subfield>
  </datafield>
  <datafield tag="040" ind1=" " ind2=" ">
    <subfield code="a">NL-AmU</subfield>
    <subfield code="b">eng</subfield>
    <subfield code="e">rda</subfield>
    <subfield code="c">NL-AmU</subfield>
  </datafield>
  <datafield tag="046" ind1=" " ind2=" ">
    <subfield code="f">1976</subfield>
    <subfield code="2">edtf</subfield>
  </datafield>
  <datafield tag="100" ind1="1" ind2=" ">
    <subfield code="a">Gronich, Mareike,</subfield>
    <subfield code="d">1976-</subfield>
  </datafield>
  <datafield tag="377" ind1=" " ind2=" ">
    <subfield code="a">ger</subfield>
  </datafield>
  <datafield tag="670" ind1=" " ind2=" ">
    <subfield code="a">Das politische Erzählen, [2019]:</subfield>
    <subfield code="b">title page (Mareike Gronich)</subfield>
  </datafield>
  <datafield tag="670" ind1=" " ind2=" ">
    <subfield code="a">OCLC, January 3, 2020</subfield>
    <subfield code="b">(access point: Mareike Gronich, 1976-; usage: Mareike Gronich)</subfield>
  </datafield>
</record>