
<record>
  <leader>00879nz  a2200193n  4500</leader>
  <controlfield tag="001">11258094</controlfield>
  <controlfield tag="003">DLC</controlfield>
  <controlfield tag="005">20200104073003.0</controlfield>
  <controlfield tag="008">200102n| azannaabn          |a ana     c</controlfield>
  <datafield tag="010" ind1=" " ind2=" ">
    <subfield code="a">no2020000188</subfield>
  </datafield>
  <datafield tag="035" ind1=" " ind2=" ">
    <subfield code="a">(OCoLC)oca12668169</subfield>
  </datafield>
  <datafield tag="040" ind1=" " ind2=" ">
    <subfield code="a">AkARLIS</subfield>
    <subfield code="b">eng</subfield>
    <subfield code="e">rda</subfield>
    <subfield code="c">AkARLIS</subfield>
  </datafield>
  <datafield tag="110" ind1="1" ind2=" ">
    <subfield code="a">Alaska.</subfield>
    <subfield code="b">Department of Transportation and Public Facilities.</subfield>
    <subfield code="b">Southeast Region.</subfield>
    <subfield code="b">Marine Engineering Section</subfield>
  </datafield>
  <datafield tag="368" ind1=" " ind2=" ">
    <subfield code="a">Administrative agencies</subfield>
    <subfield code="2">lcsh</subfield>
  </datafield>
  <datafield tag="370" ind1=" " ind2=" ">
    <subfield code="f">Alaska</subfield>
    <subfield code="2">naf</subfield>
  </datafield>
  <datafield tag="372" ind1=" " ind2=" ">
    <subfield code="a">Marine engineering</subfield>
    <subfield code="a">Harbors--Design and construction</subfield>
    <subfield code="2">lcsh</subfield>
  </datafield>
  <datafield tag="377" ind1=" " ind2=" ">
    <subfield code="a">eng</subfield>
  </datafield>
  <datafield tag="510" ind1="1" ind2=" ">
    <subfield code="w">r</subfield>
    <subfield code="i">Hierarchical superior:</subfield>
    <subfield code="a">Alaska.</subfield>
    <subfield code="b">Department of Transportation and Public Facilities.</subfield>
    <subfield code="b">Southeast Region</subfield>
  </datafield>
  <datafield tag="670" ind1=" " ind2=" ">
    <subfield code="a">Alaska Marine Highway System, shore facilities condition survey report, 2010:</subfield>
    <subfield code="b">title page (Alaska Department of Transportation and Public Facilities, Southeast Region, Marine Engineering Section)</subfield>
  </datafield>
</record>