
<record>
  <leader>02328nz  a2200445n  4500</leader>
  <controlfield tag="001">11258095</controlfield>
  <controlfield tag="003">DLC</controlfield>
  <controlfield tag="005">20200104073004.0</controlfield>
  <controlfield tag="008">200103n| azannaabn          |a aaa     c</controlfield>
  <datafield tag="010" ind1=" " ind2=" ">
    <subfield code="a">no2020000189</subfield>
  </datafield>
  <datafield tag="035" ind1=" " ind2=" ">
    <subfield code="a">(OCoLC)oca12668170</subfield>
  </datafield>
  <datafield tag="040" ind1=" " ind2=" ">
    <subfield code="a">UkOxU</subfield>
    <subfield code="b">eng</subfield>
    <subfield code="e">rda</subfield>
    <subfield code="c">UkOxU</subfield>
  </datafield>
  <datafield tag="046" ind1=" " ind2=" ">
    <subfield code="f">1913</subfield>
    <subfield code="2">edtf</subfield>
  </datafield>
  <datafield tag="100" ind1="1" ind2=" ">
    <subfield code="a">Allen, Kenneth S.</subfield>
    <subfield code="q">(Kenneth Sydney),</subfield>
    <subfield code="d">1913-</subfield>
  </datafield>
  <datafield tag="370" ind1=" " ind2=" ">
    <subfield code="c">Great Britain</subfield>
    <subfield code="c">England</subfield>
    <subfield code="f">London (England)</subfield>
    <subfield code="2">naf</subfield>
  </datafield>
  <datafield tag="372" ind1=" " ind2=" ">
    <subfield code="a">Military history</subfield>
    <subfield code="a">Naval history</subfield>
    <subfield code="a">Children&apos;s literature</subfield>
    <subfield code="2">lcsh</subfield>
  </datafield>
  <datafield tag="373" ind1=" " ind2=" ">
    <subfield code="a">EMI Film and Theatre Corporation. Public Relations and Publicity Division</subfield>
  </datafield>
  <datafield tag="374" ind1=" " ind2=" ">
    <subfield code="a">Military historians</subfield>
    <subfield code="a">Naval historians</subfield>
    <subfield code="a">Authors</subfield>
    <subfield code="2">lcsh</subfield>
  </datafield>
  <datafield tag="374" ind1=" " ind2=" ">
    <subfield code="a">Children&apos;s author</subfield>
  </datafield>
  <datafield tag="375" ind1=" " ind2=" ">
    <subfield code="a">Males</subfield>
    <subfield code="2">lcsh</subfield>
  </datafield>
  <datafield tag="377" ind1=" " ind2=" ">
    <subfield code="a">eng</subfield>
  </datafield>
  <datafield tag="378" ind1=" " ind2=" ">
    <subfield code="q">Kenneth Sydney</subfield>
  </datafield>
  <datafield tag="500" ind1="1" ind2=" ">
    <subfield code="w">nnnc</subfield>
    <subfield code="a">Carter, Avis Murton,</subfield>
    <subfield code="d">1913-</subfield>
  </datafield>
  <datafield tag="500" ind1="1" ind2=" ">
    <subfield code="w">nnnc</subfield>
    <subfield code="a">Scott, Alastair,</subfield>
    <subfield code="d">1913-</subfield>
  </datafield>
  <datafield tag="663" ind1=" " ind2=" ">
    <subfield code="a">For works of this author written under other names, search also under:</subfield>
    <subfield code="b">Carter, Avis Murton, 1913-</subfield>
    <subfield code="b">Scott, Alastair, 1913-</subfield>
  </datafield>
  <datafield tag="667" ind1=" " ind2=" ">
    <subfield code="a">Formerly on undifferentiated name record: n  50023010</subfield>
  </datafield>
  <datafield tag="670" ind1=" " ind2=" ">
    <subfield code="a">Soldiers in battle, 1966</subfield>
  </datafield>
  <datafield tag="670" ind1=" " ind2=" ">
    <subfield code="a">Wings of sail, 1945:</subfield>
    <subfield code="b">title page (Kenneth S. Allen)</subfield>
  </datafield>
  <datafield tag="670" ind1=" " ind2=" ">
    <subfield code="a">&quot;That Bounty Bastard&quot;, 1976:</subfield>
    <subfield code="b">title page (Kenneth S. Allen)</subfield>
  </datafield>
  <datafield tag="670" ind1=" " ind2=" ">
    <subfield code="a">The Writers Directory 1980-82, 1979:</subfield>
    <subfield code="b">page 21 (Allen, Kenneth S(ydney); also writes as Avis Murton Carter and Alastair Scott; British; born 1913; writer on marine topics and naval and military history, and on the cinema and stage; also on general history and literature for children; with Public Relations and Publicity Division, EMI Film and Theatre Corporation, London, 1954-1972; publications include: In the beginning, Wings of sail, ABC of stagecraft, Exploring the cinema, Soldiers in battle, Story of London Town, Knights and castles, That Bounty Bastard, The Vikings, Earthquakes and volcanoes; as Avis Murton Carter: One day in Viking times; as Alastair Scott: One day in Victorian England, One day in Regency England)</subfield>
  </datafield>
  <datafield tag="672" ind1=" " ind2="0">
    <subfield code="a">In the beginning</subfield>
  </datafield>
  <datafield tag="672" ind1=" " ind2="0">
    <subfield code="a">Wings of sail</subfield>
  </datafield>
  <datafield tag="672" ind1=" " ind2="0">
    <subfield code="a">ABC of stagecraft</subfield>
  </datafield>
  <datafield tag="672" ind1=" " ind2="0">
    <subfield code="a">Exploring the cinema</subfield>
  </datafield>
  <datafield tag="672" ind1=" " ind2="0">
    <subfield code="a">Soldiers in battle</subfield>
  </datafield>
  <datafield tag="672" ind1=" " ind2="0">
    <subfield code="a">Story of London Town</subfield>
  </datafield>
  <datafield tag="672" ind1=" " ind2="0">
    <subfield code="a">Knights and castles</subfield>
  </datafield>
  <datafield tag="672" ind1=" " ind2="0">
    <subfield code="a">That Bounty bastard</subfield>
  </datafield>
  <datafield tag="672" ind1=" " ind2="4">
    <subfield code="a">The Vikings</subfield>
  </datafield>
  <datafield tag="672" ind1=" " ind2="0">
    <subfield code="a">Earthquakes and volcanoes</subfield>
  </datafield>
</record>