
<record>
  <leader>01133nz  a2200193n  4500</leader>
  <controlfield tag="001">11258096</controlfield>
  <controlfield tag="003">DLC</controlfield>
  <controlfield tag="005">20200104073004.0</controlfield>
  <controlfield tag="008">200103n| azannaabn          |n aaa     c</controlfield>
  <datafield tag="010" ind1=" " ind2=" ">
    <subfield code="a">no2020000190</subfield>
  </datafield>
  <datafield tag="035" ind1=" " ind2=" ">
    <subfield code="a">(OCoLC)oca12668171</subfield>
  </datafield>
  <datafield tag="040" ind1=" " ind2=" ">
    <subfield code="a">StEdNL</subfield>
    <subfield code="b">eng</subfield>
    <subfield code="e">rda</subfield>
    <subfield code="c">StEdNL</subfield>
  </datafield>
  <datafield tag="100" ind1="1" ind2=" ">
    <subfield code="a">Thomson, John A.</subfield>
  </datafield>
  <datafield tag="370" ind1=" " ind2=" ">
    <subfield code="c">Scotland</subfield>
    <subfield code="f">Glasgow (Scotland)</subfield>
    <subfield code="2">naf</subfield>
  </datafield>
  <datafield tag="373" ind1=" " ind2=" ">
    <subfield code="a">Glasgow Royal Infirmary</subfield>
    <subfield code="2">naf</subfield>
  </datafield>
  <datafield tag="374" ind1=" " ind2=" ">
    <subfield code="a">Physicians</subfield>
    <subfield code="2">lcdgt</subfield>
  </datafield>
  <datafield tag="377" ind1=" " ind2=" ">
    <subfield code="a">eng</subfield>
  </datafield>
  <datafield tag="670" ind1=" " ind2=" ">
    <subfield code="a">Gray, H.W. Glasgow Royal Infirmary, 2019:</subfield>
    <subfield code="b">t.p. (John A Thomson) p. 9 (J.A. Thomson)</subfield>
  </datafield>
  <datafield tag="670" ind1=" " ind2=" ">
    <subfield code="a">Endocrinology at Glasgow Royal Infirmary WWW site, 3 Jan., 2020</subfield>
    <subfield code="b">(Dr John A Thomson, a Glasgow graduate, obtained a McIntyre Research Fellowship in thyroid disease under Edward McGirr in the University Medical Unit (UMU) of GRI in 1960 after his National Service; In 1968, he was appointed Senior Lecturer in the UMU with special responsibility for endocrinology at GRI and the Royal Samaritan Hospital for Women, Glasgow and in 1981 became Reader; retired in 1998)</subfield>
    <subfield code="u">https://endocrinologyatglasgowroyalinfirmary.wordpress.com/2017/10/27/john-thomson-merges-endocrinology-and-thyroid/</subfield>
  </datafield>
</record>