
<record>
  <leader>00635nz  a2200169n  4500</leader>
  <controlfield tag="001">11258097</controlfield>
  <controlfield tag="003">DLC</controlfield>
  <controlfield tag="005">20200104073004.0</controlfield>
  <controlfield tag="008">200103n| azannaabn          |a aaa     c</controlfield>
  <datafield tag="010" ind1=" " ind2=" ">
    <subfield code="a">no2020000200</subfield>
  </datafield>
  <datafield tag="035" ind1=" " ind2=" ">
    <subfield code="a">(OCoLC)oca12668181</subfield>
  </datafield>
  <datafield tag="040" ind1=" " ind2=" ">
    <subfield code="a">OU</subfield>
    <subfield code="b">eng</subfield>
    <subfield code="e">rda</subfield>
    <subfield code="c">OU</subfield>
  </datafield>
  <datafield tag="046" ind1=" " ind2=" ">
    <subfield code="f">1904</subfield>
    <subfield code="g">1987</subfield>
    <subfield code="2">edtf</subfield>
  </datafield>
  <datafield tag="100" ind1="0" ind2=" ">
    <subfield code="a">Severus,</subfield>
    <subfield code="d">1904-1987</subfield>
  </datafield>
  <datafield tag="500" ind1="1" ind2=" ">
    <subfield code="w">r</subfield>
    <subfield code="i">Real identity:</subfield>
    <subfield code="a">Eschmann, Ernst Wilhelm,</subfield>
    <subfield code="d">1904-1987</subfield>
  </datafield>
  <datafield tag="663" ind1=" " ind2=" ">
    <subfield code="a">Pseudonym of Ernst Wilhelm Eschmann. For works of this author under other names, search also under:</subfield>
    <subfield code="b">Dingräve, Leopold, 1904-1987;</subfield>
    <subfield code="b">Eschmann, Ernst Wilhelm, 1904-1987</subfield>
  </datafield>
  <datafield tag="670" ind1=" " ind2=" ">
    <subfield code="a">Frankreich und England, 1940:</subfield>
    <subfield code="b">title page (Severus)</subfield>
  </datafield>
</record>