
<record>
  <leader>00591nz  a2200157n  4500</leader>
  <controlfield tag="001">11258101</controlfield>
  <controlfield tag="003">DLC</controlfield>
  <controlfield tag="005">20200104073004.0</controlfield>
  <controlfield tag="008">200103n| azannaabn          |n aaa     c</controlfield>
  <datafield tag="010" ind1=" " ind2=" ">
    <subfield code="a">no2020000218</subfield>
  </datafield>
  <datafield tag="035" ind1=" " ind2=" ">
    <subfield code="a">(OCoLC)oca12668199</subfield>
  </datafield>
  <datafield tag="040" ind1=" " ind2=" ">
    <subfield code="a">NcD</subfield>
    <subfield code="b">eng</subfield>
    <subfield code="e">rda</subfield>
    <subfield code="c">NcD</subfield>
  </datafield>
  <datafield tag="046" ind1=" " ind2=" ">
    <subfield code="g">2017-11-25</subfield>
    <subfield code="2">edtf</subfield>
  </datafield>
  <datafield tag="100" ind1="1" ind2=" ">
    <subfield code="a">Nahuel, Rafael,</subfield>
    <subfield code="d">-2017</subfield>
  </datafield>
  <datafield tag="670" ind1=" " ind2=" ">
    <subfield code="a">Silenciar la muerte, 2018:</subfield>
    <subfield code="b">title page (Rafael Nahuel)</subfield>
  </datafield>
  <datafield tag="670" ind1=" " ind2=" ">
    <subfield code="a">Spanish Wikipedia, viewed Jan. 3, 2020</subfield>
    <subfield code="b">(Rafael Nahuel; young Mapuche man killed by members of Grupo Albatros of Prefectura Naval Argentina; 22 years old when he was killed Nov. 25, 2017)</subfield>
  </datafield>
</record>