
<record>
  <leader>00836nz  a2200193n  4500</leader>
  <controlfield tag="001">11258104</controlfield>
  <controlfield tag="003">DLC</controlfield>
  <controlfield tag="005">20200104073005.0</controlfield>
  <controlfield tag="008">200103n| azannaabn          |n aaa     c</controlfield>
  <datafield tag="010" ind1=" " ind2=" ">
    <subfield code="a">no2020000238</subfield>
  </datafield>
  <datafield tag="035" ind1=" " ind2=" ">
    <subfield code="a">(OCoLC)oca12668219</subfield>
  </datafield>
  <datafield tag="040" ind1=" " ind2=" ">
    <subfield code="a">NcU</subfield>
    <subfield code="b">eng</subfield>
    <subfield code="e">rda</subfield>
    <subfield code="c">NcU</subfield>
  </datafield>
  <datafield tag="100" ind1="1" ind2=" ">
    <subfield code="a">Oscoz, Iñaki</subfield>
  </datafield>
  <datafield tag="370" ind1=" " ind2=" ">
    <subfield code="a">Irún (Spain)</subfield>
    <subfield code="c">Spain</subfield>
    <subfield code="2">naf</subfield>
  </datafield>
  <datafield tag="370" ind1=" " ind2=" ">
    <subfield code="e">Madrid</subfield>
    <subfield code="s">2002</subfield>
  </datafield>
  <datafield tag="374" ind1=" " ind2=" ">
    <subfield code="a">Editors</subfield>
    <subfield code="a">Journalists</subfield>
    <subfield code="a">Authors</subfield>
    <subfield code="a">Dramatists</subfield>
    <subfield code="2">lcsh</subfield>
  </datafield>
  <datafield tag="375" ind1=" " ind2=" ">
    <subfield code="a">male</subfield>
  </datafield>
  <datafield tag="377" ind1=" " ind2=" ">
    <subfield code="a">spa</subfield>
  </datafield>
  <datafield tag="670" ind1=" " ind2=" ">
    <subfield code="a">Corchón, Alberto. 657 dientes de mono, 2019:</subfield>
    <subfield code="b">title page (Iñaki Oscoz) front cover flap (b. Irun; has lived in Madrid since 2002; has worked as an editor, journalist, and publicist; has written some stories and flash fiction; for nine years he was the playwright for the puppet theater Le Guignol Orthopédique; having turned 40, he co-authored this first novel)</subfield>
  </datafield>
</record>