
<record>
  <leader>00424nz  a2200145n  4500</leader>
  <controlfield tag="001">11258106</controlfield>
  <controlfield tag="003">DLC</controlfield>
  <controlfield tag="005">20200104073005.0</controlfield>
  <controlfield tag="008">200103n| azannaabn          |n aaa     c</controlfield>
  <datafield tag="010" ind1=" " ind2=" ">
    <subfield code="a">no2020000240</subfield>
  </datafield>
  <datafield tag="035" ind1=" " ind2=" ">
    <subfield code="a">(OCoLC)oca12668221</subfield>
  </datafield>
  <datafield tag="040" ind1=" " ind2=" ">
    <subfield code="a">RPCL</subfield>
    <subfield code="b">eng</subfield>
    <subfield code="e">rda</subfield>
    <subfield code="c">RPCL</subfield>
  </datafield>
  <datafield tag="100" ind1="1" ind2=" ">
    <subfield code="a">Campbell, Craig</subfield>
    <subfield code="c">(Fantasy game designer)</subfield>
  </datafield>
  <datafield tag="372" ind1=" " ind2=" ">
    <subfield code="a">Fantasy games</subfield>
    <subfield code="2">lcsh</subfield>
  </datafield>
  <datafield tag="670" ind1=" " ind2=" ">
    <subfield code="a">Campbell, Craig. Die laughing, 2019:</subfield>
    <subfield code="b">title page (by Craig Campbell)</subfield>
  </datafield>
</record>