
<record>
  <leader>00569nz  a2200169n  4500</leader>
  <controlfield tag="001">11258107</controlfield>
  <controlfield tag="003">DLC</controlfield>
  <controlfield tag="005">20200104073005.0</controlfield>
  <controlfield tag="008">200102n| azannaabn          |a aaa     c</controlfield>
  <datafield tag="010" ind1=" " ind2=" ">
    <subfield code="a">no2020000249</subfield>
  </datafield>
  <datafield tag="035" ind1=" " ind2=" ">
    <subfield code="a">(OCoLC)oca12668230</subfield>
  </datafield>
  <datafield tag="040" ind1=" " ind2=" ">
    <subfield code="a">CU-S</subfield>
    <subfield code="b">eng</subfield>
    <subfield code="e">rda</subfield>
    <subfield code="c">CU-S</subfield>
  </datafield>
  <datafield tag="100" ind1="1" ind2=" ">
    <subfield code="a">Burt, Warren,</subfield>
    <subfield code="d">1949-</subfield>
    <subfield code="t">Aardvarks,</subfield>
    <subfield code="n">no. 4</subfield>
  </datafield>
  <datafield tag="382" ind1="0" ind2=" ">
    <subfield code="a">electronics</subfield>
    <subfield code="2">lcmpt</subfield>
  </datafield>
  <datafield tag="400" ind1="1" ind2=" ">
    <subfield code="a">Burt, Warren,</subfield>
    <subfield code="d">1949-</subfield>
    <subfield code="t">AARDVARKS IV</subfield>
  </datafield>
  <datafield tag="400" ind1="1" ind2=" ">
    <subfield code="a">Burt, Warren,</subfield>
    <subfield code="d">1949-</subfield>
    <subfield code="t">Aardvarks four</subfield>
  </datafield>
  <datafield tag="670" ind1=" " ind2=" ">
    <subfield code="a">Burt, Warren. AARDVARKS IV, 1975:</subfield>
    <subfield code="b">title page (AARDVARKS IV : a real-time electronic music performance machine)</subfield>
  </datafield>
</record>