
<record>
  <leader>00710nz  a2200193n  4500</leader>
  <controlfield tag="001">11258108</controlfield>
  <controlfield tag="003">DLC</controlfield>
  <controlfield tag="005">20200104073005.0</controlfield>
  <controlfield tag="008">200103n| azannaabn          |a aaa     c</controlfield>
  <datafield tag="010" ind1=" " ind2=" ">
    <subfield code="a">no2020000250</subfield>
  </datafield>
  <datafield tag="035" ind1=" " ind2=" ">
    <subfield code="a">(OCoLC)oca12668231</subfield>
  </datafield>
  <datafield tag="040" ind1=" " ind2=" ">
    <subfield code="a">NL-GrRUG</subfield>
    <subfield code="b">eng</subfield>
    <subfield code="e">rda</subfield>
    <subfield code="c">NL-GrRUG</subfield>
  </datafield>
  <datafield tag="046" ind1=" " ind2=" ">
    <subfield code="f">1985-05-18</subfield>
    <subfield code="2">edtf</subfield>
  </datafield>
  <datafield tag="100" ind1="1" ind2=" ">
    <subfield code="a">Smit, A.J.H.,</subfield>
    <subfield code="q">(Anna Jantje Hadewina),</subfield>
    <subfield code="d">1985-</subfield>
  </datafield>
  <datafield tag="370" ind1=" " ind2=" ">
    <subfield code="a">Hague (Netherlands)</subfield>
    <subfield code="2">naf</subfield>
  </datafield>
  <datafield tag="373" ind1=" " ind2=" ">
    <subfield code="a">Rijksuniversiteit Groningen</subfield>
    <subfield code="2">naf</subfield>
  </datafield>
  <datafield tag="378" ind1=" " ind2=" ">
    <subfield code="q">Anna Jantje Hadewina</subfield>
  </datafield>
  <datafield tag="400" ind1="1" ind2=" ">
    <subfield code="a">Smit, Anna Jantje Hadewina,</subfield>
    <subfield code="d">1985-</subfield>
  </datafield>
  <datafield tag="670" ind1=" " ind2=" ">
    <subfield code="a">Pignus nominis, 2020:</subfield>
    <subfield code="b">t.p. (PhD thesis, University of Groningen; Anna Jantje Hadewina Smit; born on May 18, 1985, &apos;s-Gravenhage) cover (preferred usage: A.J.H. Smit)</subfield>
  </datafield>
</record>