
<record>
  <leader>01035nz  a2200205n  4500</leader>
  <controlfield tag="001">11258111</controlfield>
  <controlfield tag="003">DLC</controlfield>
  <controlfield tag="005">20200104073005.0</controlfield>
  <controlfield tag="008">200103n| azannaabn          |n aaa     c</controlfield>
  <datafield tag="010" ind1=" " ind2=" ">
    <subfield code="a">no2020000280</subfield>
  </datafield>
  <datafield tag="035" ind1=" " ind2=" ">
    <subfield code="a">(OCoLC)oca12668261</subfield>
  </datafield>
  <datafield tag="040" ind1=" " ind2=" ">
    <subfield code="a">WM</subfield>
    <subfield code="b">eng</subfield>
    <subfield code="e">rda</subfield>
    <subfield code="c">WM</subfield>
  </datafield>
  <datafield tag="100" ind1="1" ind2=" ">
    <subfield code="a">Brough, Jonathan</subfield>
    <subfield code="c">(Television director)</subfield>
  </datafield>
  <datafield tag="372" ind1=" " ind2=" ">
    <subfield code="a">Television--Production and direction</subfield>
    <subfield code="2">lcsh</subfield>
  </datafield>
  <datafield tag="374" ind1=" " ind2=" ">
    <subfield code="a">Television producers and directors</subfield>
    <subfield code="2">lcsh</subfield>
  </datafield>
  <datafield tag="375" ind1=" " ind2=" ">
    <subfield code="a">Males</subfield>
    <subfield code="2">lcdgt</subfield>
  </datafield>
  <datafield tag="377" ind1=" " ind2=" ">
    <subfield code="a">eng</subfield>
  </datafield>
  <datafield tag="670" ind1=" " ind2=" ">
    <subfield code="a">Power Rangers dino charge (Television program). Season 1. Power Rangers Dino Charge. The complete season, 2017:</subfield>
    <subfield code="b">title frame (Jonathan Brough)</subfield>
  </datafield>
  <datafield tag="670" ind1=" " ind2=" ">
    <subfield code="a">IMDb, viewed January 2, 2020</subfield>
    <subfield code="b">(Jonathan Brough (I); director, producer, editor; Jonathan Brough is a director and producer, known for Rosehaven (2016-2019), No ordinary sun (2004) and The family law (2016))</subfield>
  </datafield>
  <datafield tag="670" ind1=" " ind2=" ">
    <subfield code="a">OCLC, viewed January 2, 2020</subfield>
    <subfield code="b">(headings: Brough, Jonathan; Brough, Jonathan (Television director); Brough, Jonathan (Director); Brough, Jonathan, director; Brough, Jonathon)</subfield>
  </datafield>
</record>