
<record>
  <leader>00932nz  a2200193n  4500</leader>
  <controlfield tag="001">11258116</controlfield>
  <controlfield tag="003">DLC</controlfield>
  <controlfield tag="005">20200104073006.0</controlfield>
  <controlfield tag="008">200103n| azannaabn          |a aaa     c</controlfield>
  <datafield tag="010" ind1=" " ind2=" ">
    <subfield code="a">no2020000299</subfield>
  </datafield>
  <datafield tag="035" ind1=" " ind2=" ">
    <subfield code="a">(OCoLC)oca12668280</subfield>
  </datafield>
  <datafield tag="040" ind1=" " ind2=" ">
    <subfield code="a">UPB-Mu</subfield>
    <subfield code="b">eng</subfield>
    <subfield code="e">rda</subfield>
    <subfield code="c">UPB-Mu</subfield>
  </datafield>
  <datafield tag="100" ind1="1" ind2=" ">
    <subfield code="a">Brahms, Johannes,</subfield>
    <subfield code="d">1833-1897.</subfield>
    <subfield code="t">Trios,</subfield>
    <subfield code="m">piano, violin, cello,</subfield>
    <subfield code="n">no. 3, op. 101,</subfield>
    <subfield code="r">C minor.</subfield>
    <subfield code="p">Presto non assai</subfield>
  </datafield>
  <datafield tag="382" ind1="0" ind2=" ">
    <subfield code="a">piano</subfield>
    <subfield code="n">1</subfield>
    <subfield code="a">violin</subfield>
    <subfield code="n">1</subfield>
    <subfield code="a">cello</subfield>
    <subfield code="n">1</subfield>
    <subfield code="s">3</subfield>
    <subfield code="2">lcmpt</subfield>
  </datafield>
  <datafield tag="383" ind1=" " ind2=" ">
    <subfield code="a">no. 3</subfield>
    <subfield code="b">op. 101</subfield>
  </datafield>
  <datafield tag="384" ind1="0" ind2=" ">
    <subfield code="a">C minor</subfield>
  </datafield>
  <datafield tag="400" ind1="1" ind2=" ">
    <subfield code="a">Brahms, Johannes,</subfield>
    <subfield code="d">1833-1897.</subfield>
    <subfield code="t">Trios,</subfield>
    <subfield code="m">piano, violin, cello,</subfield>
    <subfield code="n">no. 3, op. 101,</subfield>
    <subfield code="r">C minor.</subfield>
    <subfield code="p">Scherzo</subfield>
  </datafield>
  <datafield tag="670" ind1=" " ind2=" ">
    <subfield code="a">Debut, 2008:</subfield>
    <subfield code="b">disc label (The Saint Michael Trio, Debut; Daniel Cher, violin, Michel Flexer, cello, Russell Hancock, piano) container (track 6, Johannes Brahms, Scherzo (Presto non assai), from Trio in C minor, opus 101)</subfield>
  </datafield>
  <datafield tag="670" ind1=" " ind2=" ">
    <subfield code="a">Brahms, Johannes. Klavier trio C-moll, opus 101, 1960:</subfield>
    <subfield code="b">page 17 (Presto non assai)</subfield>
  </datafield>
</record>