
<record>
  <leader>00977nz  a2200229n  4500</leader>
  <controlfield tag="001">11258117</controlfield>
  <controlfield tag="003">DLC</controlfield>
  <controlfield tag="005">20200104073006.0</controlfield>
  <controlfield tag="008">200103n| azannaabn           n aaa     c</controlfield>
  <datafield tag="010" ind1=" " ind2=" ">
    <subfield code="a">no2020000300</subfield>
  </datafield>
  <datafield tag="035" ind1=" " ind2=" ">
    <subfield code="a">(OCoLC)oca12668281</subfield>
  </datafield>
  <datafield tag="040" ind1=" " ind2=" ">
    <subfield code="a">CtWfDGI</subfield>
    <subfield code="b">eng</subfield>
    <subfield code="e">rda</subfield>
    <subfield code="c">CtWfDGI</subfield>
  </datafield>
  <datafield tag="046" ind1=" " ind2=" ">
    <subfield code="f">1934-11-02</subfield>
    <subfield code="2">edtf</subfield>
  </datafield>
  <datafield tag="100" ind1="1" ind2=" ">
    <subfield code="a">Smith, Derald H.,</subfield>
    <subfield code="d">1934-</subfield>
  </datafield>
  <datafield tag="372" ind1=" " ind2=" ">
    <subfield code="a">Command of troops</subfield>
    <subfield code="a">Leadership</subfield>
    <subfield code="2">lcsh</subfield>
  </datafield>
  <datafield tag="373" ind1=" " ind2=" ">
    <subfield code="a">United States Army Infantry School</subfield>
    <subfield code="a">Citadel, the Military College of South Carolina</subfield>
    <subfield code="2">naf</subfield>
  </datafield>
  <datafield tag="374" ind1=" " ind2=" ">
    <subfield code="a">Armed Forces--Officers</subfield>
    <subfield code="2">lcsh</subfield>
  </datafield>
  <datafield tag="375" ind1=" " ind2=" ">
    <subfield code="a">Males</subfield>
    <subfield code="2">lcdgt</subfield>
  </datafield>
  <datafield tag="377" ind1=" " ind2=" ">
    <subfield code="a">eng</subfield>
  </datafield>
  <datafield tag="378" ind1=" " ind2=" ">
    <subfield code="q">Derald Henry</subfield>
  </datafield>
  <datafield tag="670" ind1=" " ind2=" ">
    <subfield code="a">Smith, D. What air traffic control measures are necessary for aircraft operating forward of the division base airfield, 1963:</subfield>
    <subfield code="b">title leaf (Derald H. Smith; Captain)</subfield>
  </datafield>
  <datafield tag="670" ind1=" " ind2=" ">
    <subfield code="a">Department of the Army. U.S. Army register, 1965:</subfield>
    <subfield code="b">vol. 1, p. 500 (Smth, Derald Henry; B- Ohio 2 Nov 34; Grad USA Inf Sch O Bsc Crse 57, O Career Crse 64; BS The Citadel 56)</subfield>
  </datafield>
</record>