
<record>
  <leader>00898nz  a2200241n  4500</leader>
  <controlfield tag="001">11258119</controlfield>
  <controlfield tag="003">DLC</controlfield>
  <controlfield tag="005">20200104073006.0</controlfield>
  <controlfield tag="008">200103n| azannaabn          |a aaa      </controlfield>
  <datafield tag="010" ind1=" " ind2=" ">
    <subfield code="a">no2020000307</subfield>
  </datafield>
  <datafield tag="016" ind1=" " ind2=" ">
    <subfield code="a">1024H5823E</subfield>
  </datafield>
  <datafield tag="035" ind1=" " ind2=" ">
    <subfield code="a">(OCoLC)oca12668288</subfield>
  </datafield>
  <datafield tag="040" ind1=" " ind2=" ">
    <subfield code="a">CaOONL</subfield>
    <subfield code="b">eng</subfield>
    <subfield code="e">rda</subfield>
    <subfield code="c">CaOONL</subfield>
  </datafield>
  <datafield tag="042" ind1=" " ind2=" ">
    <subfield code="a">nlc</subfield>
  </datafield>
  <datafield tag="046" ind1=" " ind2=" ">
    <subfield code="f">1956-05-07</subfield>
    <subfield code="g">2016-03-29</subfield>
    <subfield code="2">edtf</subfield>
  </datafield>
  <datafield tag="100" ind1="1" ind2=" ">
    <subfield code="a">Lapierre, Jean,</subfield>
    <subfield code="d">1956-2016</subfield>
  </datafield>
  <datafield tag="368" ind1=" " ind2=" ">
    <subfield code="c">Canadians</subfield>
    <subfield code="2">lcdgt</subfield>
  </datafield>
  <datafield tag="370" ind1=" " ind2=" ">
    <subfield code="c">Canada</subfield>
    <subfield code="2">naf</subfield>
  </datafield>
  <datafield tag="374" ind1=" " ind2=" ">
    <subfield code="a">Politicians</subfield>
    <subfield code="a">Broadcasters</subfield>
    <subfield code="2">lcsh</subfield>
  </datafield>
  <datafield tag="400" ind1="1" ind2=" ">
    <subfield code="a">Lapierre, Jean-Charles,</subfield>
    <subfield code="d">1956-2016</subfield>
  </datafield>
  <datafield tag="670" ind1=" " ind2=" ">
    <subfield code="a">Salut salut!, 2018:</subfield>
    <subfield code="b">title page (Jean Lapierre)</subfield>
  </datafield>
  <datafield tag="670" ind1=" " ind2=" ">
    <subfield code="a">Wikipedia, January 3, 2020</subfield>
    <subfield code="b">(Jean Lapierre; Jean-Charles Lapierre; born May 7, 1956; died March 29, 2016; Canadian politician and television and radio broadcaster)</subfield>
    <subfield code="u">https://en.wikipedia.org/wiki/Jean_Lapierre</subfield>
  </datafield>
  <datafield tag="700" ind1="1" ind2="6">
    <subfield code="a">Lapierre, Jean,</subfield>
    <subfield code="d">1956-2016</subfield>
    <subfield code="0">(CaOONL)ncf10622027</subfield>
  </datafield>
</record>