
<record>
  <leader>00729nz  a2200157n  4500</leader>
  <controlfield tag="001">11258122</controlfield>
  <controlfield tag="003">DLC</controlfield>
  <controlfield tag="005">20200104073007.0</controlfield>
  <controlfield tag="008">200103n| azannaabn          |n aaa     c</controlfield>
  <datafield tag="010" ind1=" " ind2=" ">
    <subfield code="a">no2020000310</subfield>
  </datafield>
  <datafield tag="035" ind1=" " ind2=" ">
    <subfield code="a">(OCoLC)oca12668291</subfield>
  </datafield>
  <datafield tag="040" ind1=" " ind2=" ">
    <subfield code="a">PSt</subfield>
    <subfield code="b">eng</subfield>
    <subfield code="e">rda</subfield>
    <subfield code="c">PSt</subfield>
  </datafield>
  <datafield tag="100" ind1="1" ind2=" ">
    <subfield code="a">McDonough, Ashley</subfield>
  </datafield>
  <datafield tag="375" ind1=" " ind2=" ">
    <subfield code="a">female</subfield>
  </datafield>
  <datafield tag="377" ind1=" " ind2=" ">
    <subfield code="a">eng</subfield>
  </datafield>
  <datafield tag="670" ind1=" " ind2=" ">
    <subfield code="a">Operations and supply chain management, 2020:</subfield>
    <subfield code="b">title page (Ashley McDonough) back cover (A supply chain and finance professional who holds an M.B.A. from the Hong Kong University of Science and Technology, one of the top M.B.A. programs in the world. She also holds a Bachelor&apos;s degree from the University of Minnesota, with an emphasis in supply chain, operations management, and economics)</subfield>
  </datafield>
</record>