
<record>
  <leader>00787nz  a2200217n  4500</leader>
  <controlfield tag="001">11258123</controlfield>
  <controlfield tag="003">DLC</controlfield>
  <controlfield tag="005">20200104073007.0</controlfield>
  <controlfield tag="008">200102n| azannaabn          |a aaa     c</controlfield>
  <datafield tag="010" ind1=" " ind2=" ">
    <subfield code="a">no2020000319</subfield>
  </datafield>
  <datafield tag="035" ind1=" " ind2=" ">
    <subfield code="a">(OCoLC)oca12668300</subfield>
  </datafield>
  <datafield tag="040" ind1=" " ind2=" ">
    <subfield code="a">UPB</subfield>
    <subfield code="b">eng</subfield>
    <subfield code="e">rda</subfield>
    <subfield code="c">UPB</subfield>
  </datafield>
  <datafield tag="046" ind1=" " ind2=" ">
    <subfield code="f">1892-08-24</subfield>
    <subfield code="g">1988-02-01</subfield>
    <subfield code="2">edtf</subfield>
  </datafield>
  <datafield tag="100" ind1="1" ind2=" ">
    <subfield code="a">Pardoe, Kathryn B.</subfield>
    <subfield code="q">(Kathryn Bassett),</subfield>
    <subfield code="d">1892-1988</subfield>
  </datafield>
  <datafield tag="370" ind1=" " ind2=" ">
    <subfield code="a">Salt Lake City (Utah)</subfield>
    <subfield code="b">Provo (Utah)</subfield>
    <subfield code="2">naf</subfield>
  </datafield>
  <datafield tag="375" ind1=" " ind2=" ">
    <subfield code="a">Females</subfield>
    <subfield code="2">lcdgt</subfield>
  </datafield>
  <datafield tag="377" ind1=" " ind2=" ">
    <subfield code="a">eng</subfield>
  </datafield>
  <datafield tag="378" ind1=" " ind2=" ">
    <subfield code="q">Kathryn Bassett</subfield>
  </datafield>
  <datafield tag="400" ind1="1" ind2=" ">
    <subfield code="a">Bassett, Kathryn,</subfield>
    <subfield code="d">1892-1988</subfield>
  </datafield>
  <datafield tag="670" ind1=" " ind2=" ">
    <subfield code="a">Oral history interview with Kathryn B. Pardoe, 1981</subfield>
    <subfield code="b">(Kathryn B. Pardoe)</subfield>
  </datafield>
  <datafield tag="670" ind1=" " ind2=" ">
    <subfield code="a">Ancestry, viewed 19 December 2019</subfield>
    <subfield code="b">(Kathryn Bassett; b. 24 Aug 1892 in Salt Lake City, Utah; d. 1 Feb 1988 in Provo, Utah; m. T. Earl Pardoe)</subfield>
  </datafield>
</record>