
<record>
  <leader>01763nz  a2200241n  4500</leader>
  <controlfield tag="001">11258124</controlfield>
  <controlfield tag="003">DLC</controlfield>
  <controlfield tag="005">20200104073007.0</controlfield>
  <controlfield tag="008">200102n| azannaabn          |a ana     c</controlfield>
  <datafield tag="010" ind1=" " ind2=" ">
    <subfield code="a">no2020000320</subfield>
  </datafield>
  <datafield tag="035" ind1=" " ind2=" ">
    <subfield code="a">(OCoLC)oca12668301</subfield>
  </datafield>
  <datafield tag="040" ind1=" " ind2=" ">
    <subfield code="a">AkARLIS</subfield>
    <subfield code="b">eng</subfield>
    <subfield code="e">rda</subfield>
    <subfield code="c">AkARLIS</subfield>
  </datafield>
  <datafield tag="110" ind1="1" ind2=" ">
    <subfield code="a">Alaska.</subfield>
    <subfield code="b">Shore Facilities Design and Construction</subfield>
  </datafield>
  <datafield tag="368" ind1=" " ind2=" ">
    <subfield code="a">Administrative agencies</subfield>
    <subfield code="2">lcsh</subfield>
  </datafield>
  <datafield tag="370" ind1=" " ind2=" ">
    <subfield code="f">Alaska</subfield>
    <subfield code="2">naf</subfield>
  </datafield>
  <datafield tag="372" ind1=" " ind2=" ">
    <subfield code="a">Marine engineering</subfield>
    <subfield code="a">Harbors--Design and construction</subfield>
    <subfield code="2">lcsh</subfield>
  </datafield>
  <datafield tag="377" ind1=" " ind2=" ">
    <subfield code="a">eng</subfield>
  </datafield>
  <datafield tag="410" ind1="1" ind2=" ">
    <subfield code="a">Alaska.</subfield>
    <subfield code="b">Department of Transportation and Public Facilities.</subfield>
    <subfield code="b">Shore Facilities Design and Construction</subfield>
  </datafield>
  <datafield tag="410" ind1="1" ind2=" ">
    <subfield code="a">Alaska.</subfield>
    <subfield code="b">Department of Transportation and Public Facilities.</subfield>
    <subfield code="b">Southeast Region.</subfield>
    <subfield code="b">Shore Facilities Design and Construction</subfield>
  </datafield>
  <datafield tag="410" ind1="1" ind2=" ">
    <subfield code="a">Alaska.</subfield>
    <subfield code="b">Department of Transportation and Public Facilities.</subfield>
    <subfield code="b">Marine Facilities Engineering.</subfield>
    <subfield code="b">Shore Facilities Design and Construction</subfield>
  </datafield>
  <datafield tag="510" ind1="1" ind2=" ">
    <subfield code="w">r</subfield>
    <subfield code="i">Hierarchical superior:</subfield>
    <subfield code="a">Alaska.</subfield>
    <subfield code="b">Department of Transportation and Public Facilities</subfield>
  </datafield>
  <datafield tag="670" ind1=" " ind2=" ">
    <subfield code="a">Shore facilities condition survey report, 1994:</subfield>
    <subfield code="b">title page (State of Alaska, Department of Transportation and Public Facilities; Marine Facilities Engineering, Shore Facilities Design and Construction) page 3 (State of Alaska, Department of Transportation &amp; Public Facilities, Southeast Region Design and Construction, Preconstruction--Marine Engineering)</subfield>
  </datafield>
  <datafield tag="670" ind1=" " ind2=" ">
    <subfield code="a">Shore facilities condition survey report, 1995:</subfield>
    <subfield code="b">title page (State of Alaska, Department of Transportation and Public Facilities; Department of Transportation, Shore Facilities Design and Construction) page 3 (State of Alaska, Department of Transportation &amp; Public Facilities, Southeast Region Design &amp; Construction, Preconstruction--Shore Facilities Design and Construction)</subfield>
  </datafield>
</record>