
<record>
  <leader>01250nz  a2200241n  4500</leader>
  <controlfield tag="001">11258125</controlfield>
  <controlfield tag="003">DLC</controlfield>
  <controlfield tag="005">20200104073008.0</controlfield>
  <controlfield tag="008">200103n| azannaabn          |b aaa     c</controlfield>
  <datafield tag="010" ind1=" " ind2=" ">
    <subfield code="a">no2020000327</subfield>
  </datafield>
  <datafield tag="035" ind1=" " ind2=" ">
    <subfield code="a">(OCoLC)oca12668308</subfield>
  </datafield>
  <datafield tag="040" ind1=" " ind2=" ">
    <subfield code="a">NjP</subfield>
    <subfield code="b">eng</subfield>
    <subfield code="e">rda</subfield>
    <subfield code="c">NjP</subfield>
  </datafield>
  <datafield tag="046" ind1=" " ind2=" ">
    <subfield code="f">1878</subfield>
    <subfield code="g">1935-02-20</subfield>
    <subfield code="2">edtf</subfield>
  </datafield>
  <datafield tag="100" ind1="1" ind2=" ">
    <subfield code="a">Arusi, Abraham ben Moses,</subfield>
    <subfield code="c">ha-Levi,</subfield>
    <subfield code="d">1878-1935</subfield>
  </datafield>
  <datafield tag="370" ind1=" " ind2=" ">
    <subfield code="b">Maḥaneh Yehudah (Petaḥ Tiḳṿah, Israel)</subfield>
    <subfield code="2">naf</subfield>
  </datafield>
  <datafield tag="374" ind1=" " ind2=" ">
    <subfield code="a">Rabbis</subfield>
    <subfield code="2">lcsh</subfield>
  </datafield>
  <datafield tag="375" ind1=" " ind2=" ">
    <subfield code="a">Males</subfield>
    <subfield code="2">lcdgt</subfield>
  </datafield>
  <datafield tag="377" ind1=" " ind2=" ">
    <subfield code="a">heb</subfield>
  </datafield>
  <datafield tag="400" ind1="1" ind2=" ">
    <subfield code="a">ʻArusi, Avraham,</subfield>
    <subfield code="d">1878-1935</subfield>
  </datafield>
  <datafield tag="400" ind1="1" ind2=" ">
    <subfield code="a">ערוסי, אברהם,</subfield>
    <subfield code="d">1878-1935</subfield>
  </datafield>
  <datafield tag="667" ind1=" " ind2=" ">
    <subfield code="a">Non-Latin script reference not evaluated.</subfield>
  </datafield>
  <datafield tag="670" ind1=" " ind2=" ">
    <subfield code="a">Sefer Ḳore ha-dorot, 2019:</subfield>
    <subfield code="b">t.p. (רבי אברהם ערוסי = Rabi Avraham ʻArusi) page 21, etc. (Rabi Avraham ha-Leṿi ʻArusi, born 5638 in Kaṿkaban, Yemen, father&apos;s name Mosheh, immigrated to Palestine in 5683, settled in Maḥaneh Yehudah, the Yemenite neighborhood in Petaḥ tTiḳṿah, died 17 Adar 1, 5695)</subfield>
  </datafield>
  <datafield tag="670" ind1=" " ind2=" ">
    <subfield code="a">www.encyclopedia.com January 3, 2020</subfield>
    <subfield code="b">(Arusi, Abraham ben Moses ha-Levi, 1878-1934, born in Kawkabān, north of Sanʻa, immigrated to Ereẓ Israel in 1923 and settled in Maḥaneh Yehudah near Petaḥ Tiḳṿah, prolific author and folklorist)</subfield>
  </datafield>
</record>