
<record>
  <leader>00743nz  a2200181n  4500</leader>
  <controlfield tag="001">11258126</controlfield>
  <controlfield tag="003">DLC</controlfield>
  <controlfield tag="005">20200104073008.0</controlfield>
  <controlfield tag="008">200103n| azannaabn          |n aaa     c</controlfield>
  <datafield tag="010" ind1=" " ind2=" ">
    <subfield code="a">no2020000328</subfield>
  </datafield>
  <datafield tag="035" ind1=" " ind2=" ">
    <subfield code="a">(OCoLC)oca12668309</subfield>
  </datafield>
  <datafield tag="040" ind1=" " ind2=" ">
    <subfield code="a">MdRoLAC</subfield>
    <subfield code="b">eng</subfield>
    <subfield code="e">rda</subfield>
    <subfield code="c">MdRoLAC</subfield>
  </datafield>
  <datafield tag="046" ind1=" " ind2=" ">
    <subfield code="f">1982</subfield>
    <subfield code="2">edtf</subfield>
  </datafield>
  <datafield tag="100" ind1="1" ind2=" ">
    <subfield code="a">Zhang, Yu</subfield>
    <subfield code="c">(Professor of computer science),</subfield>
    <subfield code="d">1982-</subfield>
  </datafield>
  <datafield tag="372" ind1=" " ind2=" ">
    <subfield code="a">Computer science</subfield>
    <subfield code="2">lcsh</subfield>
  </datafield>
  <datafield tag="375" ind1=" " ind2=" ">
    <subfield code="a">Males</subfield>
    <subfield code="2">lcdgt</subfield>
  </datafield>
  <datafield tag="667" ind1=" " ind2=" ">
    <subfield code="a">Not the same as LCCNs: no2018014648 or nb2017003613</subfield>
  </datafield>
  <datafield tag="670" ind1=" " ind2=" ">
    <subfield code="a">Transfer learning, 2020:</subfield>
    <subfield code="b">eCIP title page (Yu Zhang) data view (birth year: 1982) galley (Yu Zhang is a research assistant professor at the Department of Computer Science and Engineering of Hong Kong University of Science and Technology. He...)</subfield>
  </datafield>
</record>