
<record>
  <leader>00559nz  a2200169n  4500</leader>
  <controlfield tag="001">11258127</controlfield>
  <controlfield tag="003">DLC</controlfield>
  <controlfield tag="005">20200104073009.0</controlfield>
  <controlfield tag="008">200103n| azannaabn          |n aaa     c</controlfield>
  <datafield tag="010" ind1=" " ind2=" ">
    <subfield code="a">no2020000329</subfield>
  </datafield>
  <datafield tag="016" ind1=" " ind2=" ">
    <subfield code="a">1032J1561E</subfield>
  </datafield>
  <datafield tag="035" ind1=" " ind2=" ">
    <subfield code="a">(OCoLC)oca12668310</subfield>
  </datafield>
  <datafield tag="040" ind1=" " ind2=" ">
    <subfield code="a">CaOONL</subfield>
    <subfield code="b">eng</subfield>
    <subfield code="e">rda</subfield>
    <subfield code="c">CaOONL</subfield>
  </datafield>
  <datafield tag="042" ind1=" " ind2=" ">
    <subfield code="a">nlc</subfield>
  </datafield>
  <datafield tag="100" ind1="1" ind2=" ">
    <subfield code="a">Gay, Alexander M.</subfield>
  </datafield>
  <datafield tag="377" ind1=" " ind2=" ">
    <subfield code="a">eng</subfield>
  </datafield>
  <datafield tag="670" ind1=" " ind2=" ">
    <subfield code="a">Annotated arbitration act, 1991, 2016:</subfield>
    <subfield code="b">title page (Alexander M. Gay, B.A. (Hons.), M.A., LL.B., LL.L) cover page (Alexander Gay) page 4 of cover (Senior Counsel at the Department of Justice)</subfield>
  </datafield>
</record>