
<record>
  <leader>01494nz  a2200217n  4500</leader>
  <controlfield tag="001">11258130</controlfield>
  <controlfield tag="003">DLC</controlfield>
  <controlfield tag="005">20200104073009.0</controlfield>
  <controlfield tag="008">200103n| azannaabn          |n aaa     c</controlfield>
  <datafield tag="010" ind1=" " ind2=" ">
    <subfield code="a">no2020000333</subfield>
  </datafield>
  <datafield tag="035" ind1=" " ind2=" ">
    <subfield code="a">(OCoLC)oca12668314</subfield>
  </datafield>
  <datafield tag="040" ind1=" " ind2=" ">
    <subfield code="a">UkOxU</subfield>
    <subfield code="b">eng</subfield>
    <subfield code="e">rda</subfield>
    <subfield code="c">UkOxU</subfield>
  </datafield>
  <datafield tag="046" ind1=" " ind2=" ">
    <subfield code="f">1959-02-03</subfield>
    <subfield code="g">2009-11-07</subfield>
    <subfield code="2">edtf</subfield>
  </datafield>
  <datafield tag="100" ind1="1" ind2=" ">
    <subfield code="a">Scott, Alistair,</subfield>
    <subfield code="d">1959-2009</subfield>
  </datafield>
  <datafield tag="370" ind1=" " ind2=" ">
    <subfield code="a">Liverpool (England)</subfield>
    <subfield code="b">London (England)</subfield>
    <subfield code="c">Great Britain</subfield>
    <subfield code="c">England</subfield>
    <subfield code="2">naf</subfield>
  </datafield>
  <datafield tag="372" ind1=" " ind2=" ">
    <subfield code="a">Travel journalism</subfield>
    <subfield code="a">Ski resorts</subfield>
    <subfield code="2">lcsh</subfield>
  </datafield>
  <datafield tag="374" ind1=" " ind2=" ">
    <subfield code="a">Travel writers</subfield>
    <subfield code="a">Skiers</subfield>
    <subfield code="2">lcsh</subfield>
  </datafield>
  <datafield tag="375" ind1=" " ind2=" ">
    <subfield code="a">Males</subfield>
    <subfield code="2">lcsh</subfield>
  </datafield>
  <datafield tag="377" ind1=" " ind2=" ">
    <subfield code="a">eng</subfield>
  </datafield>
  <datafield tag="670" ind1=" " ind2=" ">
    <subfield code="a">Ski and après ski guide, 1984:</subfield>
    <subfield code="b">title page (Alistair Scott)</subfield>
  </datafield>
  <datafield tag="670" ind1=" " ind2=" ">
    <subfield code="a">The Scotsman WWW site, viewed January 2, 2020</subfield>
    <subfield code="b">obituaries (Alistair Scott; journalist and skier; born February 3, 1959 in Liverpool; died November 7, 2009 in London; he learned to ski at the age of 7; he read English at Leeds University; after graduating he had work experience at Harpers &amp; Queen; when the magazine produced a teenage issue in the mid-1970s, he wrote several articles which brought his name to the attention of other glossy magazine editors; he was appointed skiing editor for the Sunday Times in 1983 and wrote weekly articles for the paper over more than two decades; he concentrated on writing articles which took in all aspects of the amenities on offer at a ski resort; when the editorship changed in 1994, his position changed too, and he started to write for the Spectator, GQ and the London Evening Standard)</subfield>
  </datafield>
</record>