
<record>
  <leader>01142nz  a2200265n  4500</leader>
  <controlfield tag="001">11258131</controlfield>
  <controlfield tag="003">DLC</controlfield>
  <controlfield tag="005">20200104073010.0</controlfield>
  <controlfield tag="008">200103n| azannaabn          |a aaa     c</controlfield>
  <datafield tag="010" ind1=" " ind2=" ">
    <subfield code="a">no2020000334</subfield>
  </datafield>
  <datafield tag="035" ind1=" " ind2=" ">
    <subfield code="a">(OCoLC)oca12668315</subfield>
  </datafield>
  <datafield tag="040" ind1=" " ind2=" ">
    <subfield code="a">UkOxU</subfield>
    <subfield code="b">eng</subfield>
    <subfield code="e">rda</subfield>
    <subfield code="c">UkOxU</subfield>
  </datafield>
  <datafield tag="046" ind1=" " ind2=" ">
    <subfield code="f">1913</subfield>
    <subfield code="2">edtf</subfield>
  </datafield>
  <datafield tag="100" ind1="1" ind2=" ">
    <subfield code="a">Scott, Alastair,</subfield>
    <subfield code="d">1913-</subfield>
  </datafield>
  <datafield tag="370" ind1=" " ind2=" ">
    <subfield code="c">Great Britain</subfield>
    <subfield code="2">naf</subfield>
  </datafield>
  <datafield tag="372" ind1=" " ind2=" ">
    <subfield code="a">Children&apos;s literature</subfield>
    <subfield code="2">lcsh</subfield>
  </datafield>
  <datafield tag="374" ind1=" " ind2=" ">
    <subfield code="a">Children&apos;s author</subfield>
  </datafield>
  <datafield tag="375" ind1=" " ind2=" ">
    <subfield code="a">Males</subfield>
    <subfield code="2">lcsh</subfield>
  </datafield>
  <datafield tag="377" ind1=" " ind2=" ">
    <subfield code="a">eng</subfield>
  </datafield>
  <datafield tag="500" ind1="1" ind2=" ">
    <subfield code="w">nnnc</subfield>
    <subfield code="a">Allen, Kenneth S.</subfield>
    <subfield code="q">(Kenneth Sydney),</subfield>
    <subfield code="d">1913-</subfield>
  </datafield>
  <datafield tag="663" ind1=" " ind2=" ">
    <subfield code="a">Works by this author are identified by the name used in the item. For a listing of other names used by this author, search also under:</subfield>
    <subfield code="b">Allen, Kenneth S. (Kenneth Sydney), 1913-</subfield>
  </datafield>
  <datafield tag="670" ind1=" " ind2=" ">
    <subfield code="a">One day in Regency England, 1974:</subfield>
    <subfield code="b">title page (Alastair Scott)</subfield>
  </datafield>
  <datafield tag="670" ind1=" " ind2=" ">
    <subfield code="a">The Writers Directory 1980-82, 1979:</subfield>
    <subfield code="b">page 21 (Allen, Kenneth S(ydney); also writes as Avis Murton Carter and Alastair Scott; British; born 1913; as Alastair Scott: One day in Regency England, One day in Victorian England)</subfield>
  </datafield>
  <datafield tag="672" ind1=" " ind2="0">
    <subfield code="a">One day in Regency England</subfield>
  </datafield>
  <datafield tag="672" ind1=" " ind2="0">
    <subfield code="a">One day in Victorian England</subfield>
  </datafield>
</record>