
<record>
  <leader>00550nz  a2200169n  4500</leader>
  <controlfield tag="001">11258133</controlfield>
  <controlfield tag="003">DLC</controlfield>
  <controlfield tag="005">20200104073010.0</controlfield>
  <controlfield tag="008">200103n| azannaabn          |n aaa     c</controlfield>
  <datafield tag="010" ind1=" " ind2=" ">
    <subfield code="a">no2020000336</subfield>
  </datafield>
  <datafield tag="035" ind1=" " ind2=" ">
    <subfield code="a">(OCoLC)oca12668317</subfield>
  </datafield>
  <datafield tag="040" ind1=" " ind2=" ">
    <subfield code="a">NcU</subfield>
    <subfield code="b">eng</subfield>
    <subfield code="e">rda</subfield>
    <subfield code="c">NcU</subfield>
  </datafield>
  <datafield tag="100" ind1="1" ind2=" ">
    <subfield code="a">Freeman, Doug</subfield>
    <subfield code="c">(Musician)</subfield>
  </datafield>
  <datafield tag="374" ind1=" " ind2=" ">
    <subfield code="a">Musicians</subfield>
    <subfield code="2">lcsh</subfield>
  </datafield>
  <datafield tag="667" ind1=" " ind2=" ">
    <subfield code="a">Formerly on undifferentiated name record: n  94017409</subfield>
  </datafield>
  <datafield tag="670" ind1=" " ind2=" ">
    <subfield code="a">Freeman &amp; Lange, 2002:</subfield>
    <subfield code="b">container (Doug Freeman, vocals, lead guitar)</subfield>
  </datafield>
  <datafield tag="670" ind1=" " ind2=" ">
    <subfield code="a">His Freeman and Lange [SR] p1975:</subfield>
    <subfield code="b">container (Doug Freeman)</subfield>
  </datafield>
</record>