
<record>
  <leader>00579nz  a2200181n  4500</leader>
  <controlfield tag="001">11258134</controlfield>
  <controlfield tag="003">DLC</controlfield>
  <controlfield tag="005">20200104073010.0</controlfield>
  <controlfield tag="008">200103n| azannaabn          |n ana     c</controlfield>
  <datafield tag="010" ind1=" " ind2=" ">
    <subfield code="a">no2020000337</subfield>
  </datafield>
  <datafield tag="035" ind1=" " ind2=" ">
    <subfield code="a">(OCoLC)oca12668318</subfield>
  </datafield>
  <datafield tag="040" ind1=" " ind2=" ">
    <subfield code="a">MnHi</subfield>
    <subfield code="b">eng</subfield>
    <subfield code="e">rda</subfield>
    <subfield code="c">MnHi</subfield>
  </datafield>
  <datafield tag="110" ind1="2" ind2=" ">
    <subfield code="a">Lake Elmo Bank</subfield>
  </datafield>
  <datafield tag="370" ind1=" " ind2=" ">
    <subfield code="c">United States</subfield>
    <subfield code="e">Lake Elmo (Minn.)</subfield>
    <subfield code="2">naf</subfield>
  </datafield>
  <datafield tag="371" ind1=" " ind2=" ">
    <subfield code="a">11465 39th Street North</subfield>
    <subfield code="b">Lake Elmo</subfield>
    <subfield code="c">MN</subfield>
    <subfield code="e">55042</subfield>
  </datafield>
  <datafield tag="372" ind1=" " ind2=" ">
    <subfield code="a">Banks and banking</subfield>
    <subfield code="2">lcsh</subfield>
  </datafield>
  <datafield tag="377" ind1=" " ind2=" ">
    <subfield code="a">eng</subfield>
  </datafield>
  <datafield tag="670" ind1=" " ind2=" ">
    <subfield code="a">Cooking with Lake Elmo Bank, 2001:</subfield>
    <subfield code="b">title page (Lake Elmo Bank, 11465 39th Street North, Lake Elmo, MN 55042)</subfield>
  </datafield>
</record>