
<record>
  <leader>00807nz  a2200181n  4500</leader>
  <controlfield tag="001">11258135</controlfield>
  <controlfield tag="003">DLC</controlfield>
  <controlfield tag="005">20200104073010.0</controlfield>
  <controlfield tag="008">200103n| azannaabn          |a ana     c</controlfield>
  <datafield tag="010" ind1=" " ind2=" ">
    <subfield code="a">no2020000338</subfield>
  </datafield>
  <datafield tag="035" ind1=" " ind2=" ">
    <subfield code="a">(OCoLC)oca12668319</subfield>
  </datafield>
  <datafield tag="040" ind1=" " ind2=" ">
    <subfield code="a">NcD</subfield>
    <subfield code="b">eng</subfield>
    <subfield code="e">rda</subfield>
    <subfield code="c">NcD</subfield>
  </datafield>
  <datafield tag="110" ind1="2" ind2=" ">
    <subfield code="a">Wool and Brick Press</subfield>
  </datafield>
  <datafield tag="370" ind1=" " ind2=" ">
    <subfield code="e">Brooklyn (New York, N.Y.)</subfield>
    <subfield code="2">naf</subfield>
  </datafield>
  <datafield tag="410" ind1="2" ind2=" ">
    <subfield code="a">Wool &amp; Brick Press</subfield>
  </datafield>
  <datafield tag="500" ind1="1" ind2=" ">
    <subfield code="w">r</subfield>
    <subfield code="i">Founder:</subfield>
    <subfield code="a">Johnson, Monica McKelvey</subfield>
  </datafield>
  <datafield tag="670" ind1=" " ind2=" ">
    <subfield code="a">Ouch! My poor body, 2018:</subfield>
    <subfield code="b">Ouch! My poor lung volume (WoolandBrick )</subfield>
  </datafield>
  <datafield tag="670" ind1=" " ind2=" ">
    <subfield code="a">Wool and Brick Press website, viewed January 3, 2020:</subfield>
    <subfield code="b">home page (Wool and Brick Press, zines &amp; comix by Monica McKelvey Johnson) about page (Monica McKelvey Johnson is a comix zinester, community organizer, curator, and mama living in Brooklyn, New York.)</subfield>
    <subfield code="u">http://woolandbrick.com/about/</subfield>
  </datafield>
</record>