
<record>
  <leader>00765nz  a2200181n  4500</leader>
  <controlfield tag="001">11258136</controlfield>
  <controlfield tag="003">DLC</controlfield>
  <controlfield tag="005">20200104073010.0</controlfield>
  <controlfield tag="008">200103n| azannaabn          |n aaa     c</controlfield>
  <datafield tag="010" ind1=" " ind2=" ">
    <subfield code="a">no2020000339</subfield>
  </datafield>
  <datafield tag="035" ind1=" " ind2=" ">
    <subfield code="a">(OCoLC)oca12668320</subfield>
  </datafield>
  <datafield tag="040" ind1=" " ind2=" ">
    <subfield code="a">PSt</subfield>
    <subfield code="b">eng</subfield>
    <subfield code="e">rda</subfield>
    <subfield code="c">PSt</subfield>
  </datafield>
  <datafield tag="100" ind1="1" ind2=" ">
    <subfield code="a">Nyarady, Catherine</subfield>
  </datafield>
  <datafield tag="374" ind1=" " ind2=" ">
    <subfield code="a">Lawyers</subfield>
    <subfield code="2">lcsh</subfield>
  </datafield>
  <datafield tag="375" ind1=" " ind2=" ">
    <subfield code="a">female</subfield>
  </datafield>
  <datafield tag="377" ind1=" " ind2=" ">
    <subfield code="a">eng</subfield>
  </datafield>
  <datafield tag="670" ind1=" " ind2=" ">
    <subfield code="a">Patent law and practice, 2019:</subfield>
    <subfield code="b">title page (Catherine Nyarady)</subfield>
  </datafield>
  <datafield tag="670" ind1=" " ind2=" ">
    <subfield code="a">Paul, Weiss, Rifkind, Wharton &amp; Garrison LLP website, January  3, 2020</subfield>
    <subfield code="b">professionals (Catherine Nyarady, [a] partner in the Litigation Department and Deputy Chair of the Patent Litigation Group and co-chair of the Recruiting Committee )</subfield>
    <subfield code="u">https://www.paulweiss.com/professionals/partners-and-counsel/catherine-nyarady</subfield>
  </datafield>
</record>