
<record>
  <leader>01033nz  a2200193n  4500</leader>
  <controlfield tag="001">11258138</controlfield>
  <controlfield tag="003">DLC</controlfield>
  <controlfield tag="005">20200104073010.0</controlfield>
  <controlfield tag="008">200103n| azannaabn          |n aaa     c</controlfield>
  <datafield tag="010" ind1=" " ind2=" ">
    <subfield code="a">no2020000349</subfield>
  </datafield>
  <datafield tag="035" ind1=" " ind2=" ">
    <subfield code="a">(OCoLC)oca12668330</subfield>
  </datafield>
  <datafield tag="040" ind1=" " ind2=" ">
    <subfield code="a">NcU</subfield>
    <subfield code="b">eng</subfield>
    <subfield code="e">rda</subfield>
    <subfield code="c">NcU</subfield>
  </datafield>
  <datafield tag="046" ind1=" " ind2=" ">
    <subfield code="f">1938</subfield>
    <subfield code="2">edtf</subfield>
  </datafield>
  <datafield tag="100" ind1="1" ind2=" ">
    <subfield code="a">Corchón, Alberto,</subfield>
    <subfield code="d">1938-</subfield>
  </datafield>
  <datafield tag="370" ind1=" " ind2=" ">
    <subfield code="a">Irún (Spain)</subfield>
    <subfield code="c">Spain</subfield>
    <subfield code="c">Paraguay</subfield>
    <subfield code="e">Irún (Spain)</subfield>
    <subfield code="2">naf</subfield>
  </datafield>
  <datafield tag="375" ind1=" " ind2=" ">
    <subfield code="a">male</subfield>
  </datafield>
  <datafield tag="377" ind1=" " ind2=" ">
    <subfield code="a">spa</subfield>
  </datafield>
  <datafield tag="378" ind1=" " ind2=" ">
    <subfield code="q">Alberto Corchon Arbelaiz</subfield>
  </datafield>
  <datafield tag="670" ind1=" " ind2=" ">
    <subfield code="a">Corchón, Alberto. 657 dientes de mono, 2019:</subfield>
    <subfield code="b">title page (Alberto Corchón) front cover flap (Alberto Corchón Arbelaiz, b. 1938, Irun; at 14 began working in the offices of Porcelana Bidasoa, at 22, recently released from the army, he completed his secondary education; in 1965 he was transferred by the Banco Exterior to Asunción Paraguay, where he met Gloria Alvarez Valdes; they married, had four children, and in 1975, the entire family returned to Irun; in 1996 Alberto retired, and 13 years later began to write his first novel, this one)</subfield>
  </datafield>
</record>