
<record>
  <leader>01256nz  a2200193n  4500</leader>
  <controlfield tag="001">11258139</controlfield>
  <controlfield tag="003">DLC</controlfield>
  <controlfield tag="005">20200104073010.0</controlfield>
  <controlfield tag="008">200103n| azannaabn          |n aaa     c</controlfield>
  <datafield tag="010" ind1=" " ind2=" ">
    <subfield code="a">no2020000350</subfield>
  </datafield>
  <datafield tag="035" ind1=" " ind2=" ">
    <subfield code="a">(OCoLC)oca12668331</subfield>
  </datafield>
  <datafield tag="040" ind1=" " ind2=" ">
    <subfield code="a">StEdNL</subfield>
    <subfield code="b">eng</subfield>
    <subfield code="e">rda</subfield>
    <subfield code="c">StEdNL</subfield>
  </datafield>
  <datafield tag="046" ind1=" " ind2=" ">
    <subfield code="f">1896-08-02</subfield>
    <subfield code="g">1990-05-29</subfield>
    <subfield code="2">edtf</subfield>
  </datafield>
  <datafield tag="100" ind1="1" ind2=" ">
    <subfield code="a">Venables, George,</subfield>
    <subfield code="d">1896-1990</subfield>
  </datafield>
  <datafield tag="370" ind1=" " ind2=" ">
    <subfield code="a">Stafford (England)</subfield>
    <subfield code="c">England</subfield>
    <subfield code="2">naf</subfield>
  </datafield>
  <datafield tag="377" ind1=" " ind2=" ">
    <subfield code="a">eng</subfield>
  </datafield>
  <datafield tag="378" ind1=" " ind2=" ">
    <subfield code="q">George Jackson</subfield>
  </datafield>
  <datafield tag="670" ind1=" " ind2=" ">
    <subfield code="a">The guardsman, 2019:</subfield>
    <subfield code="b">t.p. (Guardsman George Venables, signaller in the 3rd Battalion Coldstream Guards May 1915-January 1919) p. 9 (No. 16236 Guardsman George Venables)</subfield>
  </datafield>
  <datafield tag="670" ind1=" " ind2=" ">
    <subfield code="a">Find my past WWW site, 3 Jan., 2019</subfield>
    <subfield code="b">(British Army Service Records: George Jackson Venables; Birth town: Stafford; Service number: 16236; Regiment: Coldstream Guards)</subfield>
    <subfield code="u">https://www.findmypast.co.uk/transcript?id=GBM/WO363-4/7272008/2/9 (England &amp; Wales Government Probate Death Index 1960-2019: Venables, George Jackson; Death date: 29 May 1990)</subfield>
    <subfield code="u">https://www.findmypast.co.uk/transcript?id=GBOR/GOVPROBATE/A/1990-1992/00624978 (England &amp; Wales Deaths 1837-2007: Venables, George Jackson; Born: 02-08-1896; Death quarter: 2; Death year 1990)</subfield>
    <subfield code="u">https://www.findmypast.co.uk/transcript?id=BMD%2FD%2F1990%2F5%2F78187685</subfield>
  </datafield>
</record>