
<record>
  <leader>00901nz  a2200205n  4500</leader>
  <controlfield tag="001">11258141</controlfield>
  <controlfield tag="003">DLC</controlfield>
  <controlfield tag="005">20200104073011.0</controlfield>
  <controlfield tag="008">200103n| azannaabn          |n aaa     c</controlfield>
  <datafield tag="010" ind1=" " ind2=" ">
    <subfield code="a">no2020000358</subfield>
  </datafield>
  <datafield tag="035" ind1=" " ind2=" ">
    <subfield code="a">(OCoLC)oca12668339</subfield>
  </datafield>
  <datafield tag="040" ind1=" " ind2=" ">
    <subfield code="a">StEdNL</subfield>
    <subfield code="b">eng</subfield>
    <subfield code="e">rda</subfield>
    <subfield code="c">StEdNL</subfield>
  </datafield>
  <datafield tag="100" ind1="1" ind2=" ">
    <subfield code="a">Gray, Henry W.</subfield>
  </datafield>
  <datafield tag="370" ind1=" " ind2=" ">
    <subfield code="c">Scotland</subfield>
    <subfield code="f">Glasgow (Scotland)</subfield>
    <subfield code="2">naf</subfield>
  </datafield>
  <datafield tag="372" ind1=" " ind2=" ">
    <subfield code="a">Nuclear medicine</subfield>
    <subfield code="2">lcsh</subfield>
  </datafield>
  <datafield tag="373" ind1=" " ind2=" ">
    <subfield code="a">Glasgow Royal Infirmary</subfield>
    <subfield code="2">naf</subfield>
  </datafield>
  <datafield tag="374" ind1=" " ind2=" ">
    <subfield code="a">Physicians</subfield>
    <subfield code="2">lcdgt</subfield>
  </datafield>
  <datafield tag="377" ind1=" " ind2=" ">
    <subfield code="a">eng</subfield>
  </datafield>
  <datafield tag="670" ind1=" " ind2=" ">
    <subfield code="a">Glasgow Royal Infirmary, 2019:</subfield>
    <subfield code="b">t.p. (Henry W Gray; HW Gray)</subfield>
  </datafield>
  <datafield tag="670" ind1=" " ind2=" ">
    <subfield code="a">Endocrinology at Glasgow Royal Infirmary WWW site, 3 Jan., 2020</subfield>
    <subfield code="b">(Henry (Harry) W Gray, a Glasgow graduate, joined the UMU in 1966; appointed consultant physician to the UMU in Medicine, Thyroid and Nuclear Medicine in 1977; retired in 2007)</subfield>
    <subfield code="u">https://endocrinologyatglasgowroyalinfirmary.wordpress.com/2017/10/27/nuclear-medicine-emerges/</subfield>
  </datafield>
</record>