
<record>
  <leader>00437nz  a2200157n  4500</leader>
  <controlfield tag="001">11258143</controlfield>
  <controlfield tag="003">DLC</controlfield>
  <controlfield tag="005">20200104073011.0</controlfield>
  <controlfield tag="008">200103n| azannaabn          |n aaa     c</controlfield>
  <datafield tag="010" ind1=" " ind2=" ">
    <subfield code="a">no2020000360</subfield>
  </datafield>
  <datafield tag="035" ind1=" " ind2=" ">
    <subfield code="a">(OCoLC)oca12668341</subfield>
  </datafield>
  <datafield tag="040" ind1=" " ind2=" ">
    <subfield code="a">ICU</subfield>
    <subfield code="b">eng</subfield>
    <subfield code="e">rda</subfield>
    <subfield code="c">ICU</subfield>
  </datafield>
  <datafield tag="100" ind1="1" ind2=" ">
    <subfield code="a">Wudel, Witold</subfield>
  </datafield>
  <datafield tag="375" ind1=" " ind2=" ">
    <subfield code="a">Males</subfield>
    <subfield code="2">lcdgt</subfield>
  </datafield>
  <datafield tag="377" ind1=" " ind2=" ">
    <subfield code="a">pol</subfield>
  </datafield>
  <datafield tag="670" ind1=" " ind2=" ">
    <subfield code="a">Filozofia materialistyczna epoki Wielkiej Rewolucji Francuskiej, 1948:</subfield>
    <subfield code="b">title page (Witold Wudel)</subfield>
  </datafield>
</record>