
<record>
  <leader>01443nz  a2200241n  4500</leader>
  <controlfield tag="001">11258145</controlfield>
  <controlfield tag="003">DLC</controlfield>
  <controlfield tag="005">20200104073012.0</controlfield>
  <controlfield tag="008">200103n| azannaabn          |b ana     c</controlfield>
  <datafield tag="010" ind1=" " ind2=" ">
    <subfield code="a">no2020000384</subfield>
  </datafield>
  <datafield tag="035" ind1=" " ind2=" ">
    <subfield code="a">(OCoLC)oca12668365</subfield>
  </datafield>
  <datafield tag="040" ind1=" " ind2=" ">
    <subfield code="a">InU</subfield>
    <subfield code="b">eng</subfield>
    <subfield code="e">rda</subfield>
    <subfield code="c">InU</subfield>
  </datafield>
  <datafield tag="110" ind1="2" ind2=" ">
    <subfield code="a">Irkutskiĭ oblastnoĭ kraevedcheskiĭ muzeĭ.</subfield>
    <subfield code="b">Ėkspozit︠s︡ionnyĭ otdel &quot;Muzeĭ V.G. Rasputina&quot;</subfield>
  </datafield>
  <datafield tag="368" ind1=" " ind2=" ">
    <subfield code="a">Literary museums</subfield>
    <subfield code="a">Authors, Russian--Museums</subfield>
    <subfield code="a">Museums</subfield>
    <subfield code="2">lcsh</subfield>
  </datafield>
  <datafield tag="370" ind1=" " ind2=" ">
    <subfield code="e">Irkutsk (Russia)</subfield>
    <subfield code="2">naf</subfield>
  </datafield>
  <datafield tag="377" ind1=" " ind2=" ">
    <subfield code="a">rus</subfield>
  </datafield>
  <datafield tag="410" ind1="2" ind2=" ">
    <subfield code="a">Иркутский областной краеведческий музей.</subfield>
    <subfield code="b">Экспозиционный отдел &quot;Музей В.Г. Распутина&quot;</subfield>
  </datafield>
  <datafield tag="410" ind1="2" ind2=" ">
    <subfield code="a">Ėkspozit︠s︡ionnyĭ otdel &quot;Muzeĭ V.G. Rasputina&quot; Irkutskogo oblastnogo kraevedcheskogo muzei︠a︡</subfield>
  </datafield>
  <datafield tag="410" ind1="2" ind2=" ">
    <subfield code="a">Экспозиционный отдел &quot;Музей В.Г. Распутина&quot; Иркутского областного краеведческого музея</subfield>
  </datafield>
  <datafield tag="410" ind1="2" ind2=" ">
    <subfield code="a">Muzeĭ V.G. Rasputina</subfield>
  </datafield>
  <datafield tag="410" ind1="2" ind2=" ">
    <subfield code="a">Музей В.Г. Распутина</subfield>
  </datafield>
  <datafield tag="667" ind1=" " ind2=" ">
    <subfield code="a">Non-Latin script references not evaluated.</subfield>
  </datafield>
  <datafield tag="670" ind1=" " ind2=" ">
    <subfield code="a">Valentin Rasputin -- pravda pami︠a︡ti, 2018:</subfield>
    <subfield code="b">title page (Irkutskiĭ oblastnoĭ kraevedcheskiĭ muzeĭ, Ėkspozit︠s︡ionnyĭ otdel &quot;Muzeĭ V.G. Rasputina&quot;) title page verso (... Ėkspozit︠s︡ionnogo otdela &quot;Muzeĭ V.G. Rasputina&quot; Irkutskogo oblastnogo kraevedcheskogo muzei︠a︡)</subfield>
  </datafield>
</record>