
<record>
  <leader>01021nz  a2200229n  4500</leader>
  <controlfield tag="001">11258147</controlfield>
  <controlfield tag="003">DLC</controlfield>
  <controlfield tag="005">20200104073012.0</controlfield>
  <controlfield tag="008">200103n| azannaabn          |b aaa     c</controlfield>
  <datafield tag="010" ind1=" " ind2=" ">
    <subfield code="a">no2020000386</subfield>
  </datafield>
  <datafield tag="035" ind1=" " ind2=" ">
    <subfield code="a">(OCoLC)oca12668367</subfield>
  </datafield>
  <datafield tag="040" ind1=" " ind2=" ">
    <subfield code="a">NcU</subfield>
    <subfield code="b">eng</subfield>
    <subfield code="e">rda</subfield>
    <subfield code="c">NcU</subfield>
  </datafield>
  <datafield tag="046" ind1=" " ind2=" ">
    <subfield code="f">1981</subfield>
    <subfield code="2">edtf</subfield>
  </datafield>
  <datafield tag="100" ind1="1" ind2=" ">
    <subfield code="a">Dāvarī, Nasīm,</subfield>
    <subfield code="d">1981-</subfield>
  </datafield>
  <datafield tag="370" ind1=" " ind2=" ">
    <subfield code="a">Tehran (Iran)</subfield>
    <subfield code="2">naf</subfield>
  </datafield>
  <datafield tag="372" ind1=" " ind2=" ">
    <subfield code="a">Artists</subfield>
    <subfield code="2">lcsh</subfield>
  </datafield>
  <datafield tag="377" ind1=" " ind2=" ">
    <subfield code="a">per</subfield>
  </datafield>
  <datafield tag="400" ind1="1" ind2=" ">
    <subfield code="a">داورى، نسيم،</subfield>
    <subfield code="d">1981-</subfield>
  </datafield>
  <datafield tag="667" ind1=" " ind2=" ">
    <subfield code="a">Non-Latin script reference not evaluated.</subfield>
  </datafield>
  <datafield tag="670" ind1=" " ind2=" ">
    <subfield code="a">ʻAjāyib al-makhlūqāt va gharāyib al-mawjūdāt, 2018</subfield>
    <subfield code="b">(not on piece)</subfield>
  </datafield>
  <datafield tag="670" ind1=" " ind2=" ">
    <subfield code="a">Rosha, viewed 3 January 2020:</subfield>
    <subfield code="b">&quot;Artīst būk-i Nasīm Dāvarī... (نسيم داورى = Nasīm Dāvarī; creator of the artist&apos;s book ʻAjāyib al-makhlūqāt va gharāyib al-mawjūdāt; born 1360 Sh in Tehran)</subfield>
    <subfield code="u">https://tinyurl.com/wtbwf9e</subfield>
  </datafield>
  <datafield tag="670" ind1=" " ind2=" ">
    <subfield code="a">Darz, viewed 3 January 2020</subfield>
    <subfield code="b">(Nasim Davari [in rom.]; born 1981 in Tehran; artist)</subfield>
    <subfield code="u">https://darz.art/en/artist/nasim-davari/overview</subfield>
  </datafield>
</record>