
<record>
  <leader>02021nz  a2200217n  4500</leader>
  <controlfield tag="001">11258148</controlfield>
  <controlfield tag="003">DLC</controlfield>
  <controlfield tag="005">20200104073012.0</controlfield>
  <controlfield tag="008">200103n| azannaabn          |n aaa     c</controlfield>
  <datafield tag="010" ind1=" " ind2=" ">
    <subfield code="a">no2020000387</subfield>
  </datafield>
  <datafield tag="035" ind1=" " ind2=" ">
    <subfield code="a">(OCoLC)oca12668368</subfield>
  </datafield>
  <datafield tag="040" ind1=" " ind2=" ">
    <subfield code="a">Sd</subfield>
    <subfield code="b">eng</subfield>
    <subfield code="e">rda</subfield>
    <subfield code="c">Sd</subfield>
  </datafield>
  <datafield tag="046" ind1=" " ind2=" ">
    <subfield code="f">1854-09-13</subfield>
    <subfield code="g">1931-01-08</subfield>
    <subfield code="2">edtf</subfield>
  </datafield>
  <datafield tag="100" ind1="1" ind2=" ">
    <subfield code="a">Ringsrud, Amund O.,</subfield>
    <subfield code="d">1854-1931</subfield>
  </datafield>
  <datafield tag="370" ind1=" " ind2=" ">
    <subfield code="a">Gausdahl (Norway)</subfield>
    <subfield code="b">Elk Point (S.D.)</subfield>
    <subfield code="2">naf</subfield>
  </datafield>
  <datafield tag="373" ind1=" " ind2=" ">
    <subfield code="a">South Dakota. Office of the Secretary of State</subfield>
    <subfield code="2">naf</subfield>
  </datafield>
  <datafield tag="374" ind1=" " ind2=" ">
    <subfield code="a">Pioneers</subfield>
    <subfield code="a">Merchants</subfield>
    <subfield code="a">Secretaries of State (State governments)</subfield>
    <subfield code="2">lcsh</subfield>
  </datafield>
  <datafield tag="375" ind1=" " ind2=" ">
    <subfield code="a">Males</subfield>
    <subfield code="2">lcdgt</subfield>
  </datafield>
  <datafield tag="377" ind1=" " ind2=" ">
    <subfield code="a">eng</subfield>
  </datafield>
  <datafield tag="670" ind1=" " ind2=" ">
    <subfield code="a">Ringsrud, Ronald. Amund O. Ringsrud, 1854-1931: pioneer, merchant, politician, 1976:</subfield>
    <subfield code="b">title page (Amund O. Ringsrud) page 7 (He was born at Gausdahl, Norway on the 13th of September, 1854)</subfield>
  </datafield>
  <datafield tag="670" ind1=" " ind2=" ">
    <subfield code="a">South Dakota Hall of Fame website, January 3, 2020</subfield>
    <subfield code="b">(Amund O. Ringsrud was born to Ole and Karen Ringsurd in Norway in 1854. At a young age, Amund and his family immigrated to America, settling in Elk Point, SD. Much time would pass before the young Ringsrud would become a successful businessman and politician. With no formal education beyond grade school, Ringsrud got his start in merchandising at the age of 31. In 1883, Governor Ordway, appointed Amund Ringsrud as a member of the Regents of the Agricultural College in Brookings. This Board was responsible for the initial establishment and operation of the college. He was on the committee for Farm &amp; Buildings, and the committee on College Lands. Elected as delegate to the Constitutional Convention of 1889, Ringsrud served on the Committee on Congressional and Legislative Apportionment, The Revenue and Finance committee, the Roads - Bridges and other Internal Improvements Committee and was Chairman of the Public Accounts and Expenditures committee. Elected as the first Secretary of State of South Dakota in 1889, Mr. Ringsrud served two terms.... Died January 8, 1931, in Elk Point, South Dakota)</subfield>
    <subfield code="u">http://sdexcellence.org/Amund_Ringsrud_1979</subfield>
  </datafield>
</record>