
<record>
  <leader>00897nz  a2200181n  4500</leader>
  <controlfield tag="001">11258150</controlfield>
  <controlfield tag="003">DLC</controlfield>
  <controlfield tag="005">20200104073012.0</controlfield>
  <controlfield tag="008">200103n| azannaabn          |n aaa     c</controlfield>
  <datafield tag="010" ind1=" " ind2=" ">
    <subfield code="a">no2020000389</subfield>
  </datafield>
  <datafield tag="035" ind1=" " ind2=" ">
    <subfield code="a">(OCoLC)oca12668370</subfield>
  </datafield>
  <datafield tag="040" ind1=" " ind2=" ">
    <subfield code="a">DGW-L</subfield>
    <subfield code="b">eng</subfield>
    <subfield code="e">rda</subfield>
    <subfield code="c">DGW-L</subfield>
  </datafield>
  <datafield tag="100" ind1="1" ind2=" ">
    <subfield code="a">Pfeilmeier, Sebastian</subfield>
  </datafield>
  <datafield tag="372" ind1=" " ind2=" ">
    <subfield code="a">Gene editing</subfield>
    <subfield code="2">lcsh</subfield>
  </datafield>
  <datafield tag="373" ind1=" " ind2=" ">
    <subfield code="a">Eidgenössische Technische Hochschule Zürich. Mikrobiologisches Institut</subfield>
    <subfield code="2">naf</subfield>
  </datafield>
  <datafield tag="377" ind1=" " ind2=" ">
    <subfield code="a">eng</subfield>
  </datafield>
  <datafield tag="670" ind1=" " ind2=" ">
    <subfield code="a">Genome editing in agriculture, 2019:</subfield>
    <subfield code="b">title page (Sebastian Pfeilmeier) page 292 (Sebastian Pfeilmeier, Ph.D.; studied molecular biotechnology (MSc) and philosophy of science and technology (MA) at the Technical University of Munich, Germany; currently he is a post doctoral fellow at the Institute of Microbiology at ETH Zurich)</subfield>
  </datafield>
  <datafield tag="670" ind1=" " ind2=" ">
    <subfield code="a">Deutsche Nationalbibliothek via the VIAF, January 3, 2020</subfield>
    <subfield code="b">(access point: Pfeilmeier, Sebastian)</subfield>
  </datafield>
</record>