
<record>
  <leader>00708nz  a2200181n  4500</leader>
  <controlfield tag="001">11258153</controlfield>
  <controlfield tag="003">DLC</controlfield>
  <controlfield tag="005">20200104073013.0</controlfield>
  <controlfield tag="008">200103n| azannaabn          |a aaa     c</controlfield>
  <datafield tag="010" ind1=" " ind2=" ">
    <subfield code="a">no2020000399</subfield>
  </datafield>
  <datafield tag="035" ind1=" " ind2=" ">
    <subfield code="a">(OCoLC)oca12668380</subfield>
  </datafield>
  <datafield tag="040" ind1=" " ind2=" ">
    <subfield code="a">NL-GrRUG</subfield>
    <subfield code="b">eng</subfield>
    <subfield code="e">rda</subfield>
    <subfield code="c">NL-GrRUG</subfield>
  </datafield>
  <datafield tag="046" ind1=" " ind2=" ">
    <subfield code="f">1989-07-19</subfield>
    <subfield code="2">edtf</subfield>
  </datafield>
  <datafield tag="100" ind1="1" ind2=" ">
    <subfield code="a">Buitenhuis, Tom,</subfield>
    <subfield code="d">1989-</subfield>
  </datafield>
  <datafield tag="370" ind1=" " ind2=" ">
    <subfield code="a">Ridderkerk (Netherlands)</subfield>
  </datafield>
  <datafield tag="373" ind1=" " ind2=" ">
    <subfield code="a">Rijksuniversiteit Groningen</subfield>
    <subfield code="2">naf</subfield>
  </datafield>
  <datafield tag="400" ind1="1" ind2=" ">
    <subfield code="a">Buitenhuis, Hans Jan Thomas,</subfield>
    <subfield code="d">1989-</subfield>
  </datafield>
  <datafield tag="670" ind1=" " ind2=" ">
    <subfield code="a">Positron emission tomography for quality assurance in proton therapy, 2020:</subfield>
    <subfield code="b">t.p. (PhD thesis, University of Groningen; Hans Jan Thomas Buitenhuis; born on July 19, 1989, Ridderkerk) cover (preferred usage: Tom Buitenhuis)</subfield>
  </datafield>
</record>