
<record>
  <leader>00535nz  a2200169n  4500</leader>
  <controlfield tag="001">11258154</controlfield>
  <controlfield tag="003">DLC</controlfield>
  <controlfield tag="005">20200104073013.0</controlfield>
  <controlfield tag="008">200103n| azannaabn          |n aaa     c</controlfield>
  <datafield tag="010" ind1=" " ind2=" ">
    <subfield code="a">no2020000400</subfield>
  </datafield>
  <datafield tag="035" ind1=" " ind2=" ">
    <subfield code="a">(OCoLC)oca12668381</subfield>
  </datafield>
  <datafield tag="040" ind1=" " ind2=" ">
    <subfield code="a">NNC</subfield>
    <subfield code="b">eng</subfield>
    <subfield code="e">rda</subfield>
    <subfield code="c">NNC</subfield>
  </datafield>
  <datafield tag="046" ind1=" " ind2=" ">
    <subfield code="f">1948-09-17</subfield>
    <subfield code="2">edtf</subfield>
  </datafield>
  <datafield tag="100" ind1="1" ind2=" ">
    <subfield code="a">Ballo, Ilir,</subfield>
    <subfield code="d">1948-</subfield>
  </datafield>
  <datafield tag="370" ind1=" " ind2=" ">
    <subfield code="a">Starjë (Albania)</subfield>
    <subfield code="2">naf</subfield>
  </datafield>
  <datafield tag="377" ind1=" " ind2=" ">
    <subfield code="a">alb</subfield>
  </datafield>
  <datafield tag="670" ind1=" " ind2=" ">
    <subfield code="a">Starja vatër atdhetarie, 2018:</subfield>
    <subfield code="b">title page (Kol. Inxh. Ilir Ballo) page 4 of cover (born September 17, 1948 in Starja, Kolonje region, Albania)</subfield>
  </datafield>
</record>