
<record>
  <leader>01397nz  a2200229n  4500</leader>
  <controlfield tag="001">11258155</controlfield>
  <controlfield tag="003">DLC</controlfield>
  <controlfield tag="005">20200104073013.0</controlfield>
  <controlfield tag="008">200102n| azannaabn          |n aaa     c</controlfield>
  <datafield tag="010" ind1=" " ind2=" ">
    <subfield code="a">no2020000409</subfield>
  </datafield>
  <datafield tag="035" ind1=" " ind2=" ">
    <subfield code="a">(OCoLC)oca12668390</subfield>
  </datafield>
  <datafield tag="040" ind1=" " ind2=" ">
    <subfield code="a">MnSST</subfield>
    <subfield code="b">eng</subfield>
    <subfield code="e">rda</subfield>
    <subfield code="c">MnSST</subfield>
  </datafield>
  <datafield tag="100" ind1="1" ind2=" ">
    <subfield code="a">Toups, David L.</subfield>
  </datafield>
  <datafield tag="370" ind1=" " ind2=" ">
    <subfield code="f">Saint Petersburg (Fla.)</subfield>
    <subfield code="f">Boynton Beach (Fla.)</subfield>
    <subfield code="2">naf</subfield>
  </datafield>
  <datafield tag="372" ind1=" " ind2=" ">
    <subfield code="a">Catholic Church</subfield>
    <subfield code="2">lcsh</subfield>
  </datafield>
  <datafield tag="373" ind1=" " ind2=" ">
    <subfield code="a">Catholic Church. Diocese of St. Petersburg (Fla.)</subfield>
    <subfield code="a">St. Vincent de Paul Regional Seminary</subfield>
    <subfield code="2">naf</subfield>
  </datafield>
  <datafield tag="374" ind1=" " ind2=" ">
    <subfield code="a">Priests</subfield>
    <subfield code="2">lcdgt</subfield>
  </datafield>
  <datafield tag="374" ind1=" " ind2=" ">
    <subfield code="a">Catholic Church--Clergy</subfield>
    <subfield code="2">lcsh</subfield>
  </datafield>
  <datafield tag="375" ind1=" " ind2=" ">
    <subfield code="a">Males</subfield>
    <subfield code="2">lcdgt</subfield>
  </datafield>
  <datafield tag="377" ind1=" " ind2=" ">
    <subfield code="a">eng</subfield>
  </datafield>
  <datafield tag="670" ind1=" " ind2=" ">
    <subfield code="a">Toups, David L. The priests we need, 2019:</subfield>
    <subfield code="b">title page (Monsignor David L. Toups) page 4 of cover (ordained priest in 1997 for the Diocese of St. Petersburg [Florida]; since 2012 has served as rector/president of St. Vincent de Paul Regional Seminary in Boynton Beach, Florida; previously served in parish ministry, as seminary professor and dean, and in the office of the USCCB&apos;s Secretariat of Clergy, Consecrated Life, and Vocations; author of numerous articles; doctoral dissertation to be published under title &quot;Reclaiming our priestly character&quot; (IFP Publications, 2008); male)</subfield>
  </datafield>
  <datafield tag="670" ind1=" " ind2=" ">
    <subfield code="a">OCLC database, viewed on January 2, 2020</subfield>
    <subfield code="b">(access points: Toups, David L.; Toups, David L., sac.; usage: David L. Toups; all original works written in English)</subfield>
  </datafield>
</record>