
<record>
  <leader>01484nz  a2200253n  4500</leader>
  <controlfield tag="001">11258157</controlfield>
  <controlfield tag="003">DLC</controlfield>
  <controlfield tag="005">20200104073013.0</controlfield>
  <controlfield tag="008">200103n| azannaabn          |n aaa     c</controlfield>
  <datafield tag="010" ind1=" " ind2=" ">
    <subfield code="a">no2020000415</subfield>
  </datafield>
  <datafield tag="035" ind1=" " ind2=" ">
    <subfield code="a">(OCoLC)oca12668396</subfield>
  </datafield>
  <datafield tag="040" ind1=" " ind2=" ">
    <subfield code="a">ScU</subfield>
    <subfield code="b">eng</subfield>
    <subfield code="e">rda</subfield>
    <subfield code="c">ScU</subfield>
  </datafield>
  <datafield tag="100" ind1="1" ind2=" ">
    <subfield code="a">Merriam, Eric R.</subfield>
  </datafield>
  <datafield tag="371" ind1=" " ind2=" ">
    <subfield code="m">emerriam@mix.wvu.edu</subfield>
  </datafield>
  <datafield tag="372" ind1=" " ind2=" ">
    <subfield code="a">Water-supply</subfield>
    <subfield code="2">lcsh</subfield>
  </datafield>
  <datafield tag="373" ind1=" " ind2=" ">
    <subfield code="a">West Virginia University</subfield>
    <subfield code="2">naf</subfield>
  </datafield>
  <datafield tag="373" ind1=" " ind2=" ">
    <subfield code="a">Marshall University</subfield>
    <subfield code="2">naf</subfield>
    <subfield code="s">2003</subfield>
    <subfield code="t">2007</subfield>
  </datafield>
  <datafield tag="374" ind1=" " ind2=" ">
    <subfield code="a">Biologists</subfield>
    <subfield code="2">lcsh</subfield>
  </datafield>
  <datafield tag="375" ind1=" " ind2=" ">
    <subfield code="a">Males</subfield>
    <subfield code="2">lcdgt</subfield>
  </datafield>
  <datafield tag="377" ind1=" " ind2=" ">
    <subfield code="a">eng</subfield>
  </datafield>
  <datafield tag="670" ind1=" " ind2=" ">
    <subfield code="a">Multispecies and watershed approaches to freshwater fish conservation, 2019:</subfield>
    <subfield code="b">page vi (Eric R. Merriam) page 389 (School of Natural Resources, West Virginia University, Morgantown, West Virginia ; emerriam@mix.wvu.edu)</subfield>
  </datafield>
  <datafield tag="670" ind1=" " ind2=" ">
    <subfield code="a">OCLC, November 21, 2019:</subfield>
    <subfield code="b">(hdg.: Merriam, Eric Richard ; usage: Eric Richard Merriam ; Ph. D. West Virginia University 2015)</subfield>
  </datafield>
  <datafield tag="670" ind1=" " ind2=" ">
    <subfield code="a">LinkedIn web site, January 3, 2020:</subfield>
    <subfield code="b">(Eric Merriam, Plan Formulator at US Army Corps of Engineers, Morgantown, Pittsburgh, PA district, 2018- ; education: West Virginia University, PhD 2010-2015, Master&apos;s degree 2007-2009; Marshall University, Bachelor&apos;s degreee 2003-2007)</subfield>
    <subfield code="u">https://www.linkedin.com/in/eric-merriam-28875437/</subfield>
  </datafield>
  <datafield tag="670" ind1=" " ind2=" ">
    <subfield code="a">Eventscribe web site, January 3, 2020:</subfield>
    <subfield code="b">(Eric Merriam, Ph.D., Plan formulator, Biologist)</subfield>
    <subfield code="u">https://www.eventscribe.com/2019/ASCE-EWRI/fsPopup.asp?efp=S0JCUVlUS083Mzcx&amp;PresentationID=482623&amp;rnd=1.892424E-02&amp;mode=presinfo</subfield>
  </datafield>
</record>