
<record>
  <leader>00421nz  a2200145n  4500</leader>
  <controlfield tag="001">11258159</controlfield>
  <controlfield tag="003">DLC</controlfield>
  <controlfield tag="005">20200104073013.0</controlfield>
  <controlfield tag="008">200103n| azannaabn          |n aaa     c</controlfield>
  <datafield tag="010" ind1=" " ind2=" ">
    <subfield code="a">no2020000417</subfield>
  </datafield>
  <datafield tag="035" ind1=" " ind2=" ">
    <subfield code="a">(OCoLC)oca12668398</subfield>
  </datafield>
  <datafield tag="040" ind1=" " ind2=" ">
    <subfield code="a">IEN</subfield>
    <subfield code="b">eng</subfield>
    <subfield code="e">rda</subfield>
    <subfield code="c">IEN</subfield>
  </datafield>
  <datafield tag="100" ind1="1" ind2=" ">
    <subfield code="a">Uppink, Willem,</subfield>
    <subfield code="d">1767-1849.</subfield>
    <subfield code="t">Paintings.</subfield>
    <subfield code="k">Selections</subfield>
  </datafield>
  <datafield tag="381" ind1=" " ind2=" ">
    <subfield code="a">Selections</subfield>
  </datafield>
  <datafield tag="670" ind1=" " ind2=" ">
    <subfield code="a">Willem Uppink (1767-1849), behangsel- en landschapsschilder, 2019</subfield>
  </datafield>
</record>