
<record>
  <leader>00900nz  a2200229n  4500</leader>
  <controlfield tag="001">11258160</controlfield>
  <controlfield tag="003">DLC</controlfield>
  <controlfield tag="005">20200104073013.0</controlfield>
  <controlfield tag="008">200103n| azaabaaan          |b ana     c</controlfield>
  <datafield tag="010" ind1=" " ind2=" ">
    <subfield code="a">no2020000418</subfield>
  </datafield>
  <datafield tag="035" ind1=" " ind2=" ">
    <subfield code="a">(OCoLC)oca12668399</subfield>
  </datafield>
  <datafield tag="040" ind1=" " ind2=" ">
    <subfield code="a">InU</subfield>
    <subfield code="b">eng</subfield>
    <subfield code="e">rda</subfield>
    <subfield code="c">InU</subfield>
  </datafield>
  <datafield tag="130" ind1=" " ind2="0">
    <subfield code="a">Nauchnai︠a︡ myslʹ.</subfield>
    <subfield code="p">Sot︠s︡ialʹnai︠a︡ psikhologii︠a︡</subfield>
  </datafield>
  <datafield tag="380" ind1=" " ind2=" ">
    <subfield code="a">Series (Publications)</subfield>
    <subfield code="a">Monographic series</subfield>
    <subfield code="2">lcsh</subfield>
  </datafield>
  <datafield tag="430" ind1=" " ind2="0">
    <subfield code="a">Научная мысль.</subfield>
    <subfield code="p">Социальная психология</subfield>
  </datafield>
  <datafield tag="643" ind1=" " ind2=" ">
    <subfield code="a">Moskva</subfield>
    <subfield code="b">INFRA-M</subfield>
  </datafield>
  <datafield tag="644" ind1=" " ind2=" ">
    <subfield code="a">f</subfield>
    <subfield code="5">InU</subfield>
  </datafield>
  <datafield tag="645" ind1=" " ind2=" ">
    <subfield code="a">t</subfield>
    <subfield code="5">DPCC</subfield>
    <subfield code="5">InU</subfield>
  </datafield>
  <datafield tag="646" ind1=" " ind2=" ">
    <subfield code="a">s</subfield>
    <subfield code="5">InU</subfield>
  </datafield>
  <datafield tag="667" ind1=" " ind2=" ">
    <subfield code="a">Non-Latin script reference not evaluated.</subfield>
  </datafield>
  <datafield tag="667" ind1=" " ind2=" ">
    <subfield code="a">Subseries title appears only on cover.</subfield>
  </datafield>
  <datafield tag="670" ind1=" " ind2=" ">
    <subfield code="a">Pishchik, V.I. Mentalʹnostʹ pokoleniĭ v tekucheĭ sovremennosti, 2018:</subfield>
    <subfield code="b">cover (Nauchnai︠a︡ myslʹ. Sot︠s︡ialʹnai︠a︡ psikhologii︠a︡) t.p. (Nauchnai︠a︡ myslʹ)</subfield>
  </datafield>
</record>