
<record>
  <leader>00704nz  a2200181n  4500</leader>
  <controlfield tag="001">11258161</controlfield>
  <controlfield tag="003">DLC</controlfield>
  <controlfield tag="005">20200104073014.0</controlfield>
  <controlfield tag="008">200103n| azannaabn          |a ana     c</controlfield>
  <datafield tag="010" ind1=" " ind2=" ">
    <subfield code="a">no2020000419</subfield>
  </datafield>
  <datafield tag="035" ind1=" " ind2=" ">
    <subfield code="a">(OCoLC)oca12668400</subfield>
  </datafield>
  <datafield tag="040" ind1=" " ind2=" ">
    <subfield code="a">IEN</subfield>
    <subfield code="b">eng</subfield>
    <subfield code="e">rda</subfield>
    <subfield code="c">IEN</subfield>
  </datafield>
  <datafield tag="110" ind1="2" ind2=" ">
    <subfield code="a">Philosophers of Education Association of Nigeria</subfield>
  </datafield>
  <datafield tag="370" ind1=" " ind2=" ">
    <subfield code="c">Nigeria</subfield>
    <subfield code="2">naf</subfield>
  </datafield>
  <datafield tag="410" ind1="2" ind2=" ">
    <subfield code="a">PEAN</subfield>
  </datafield>
  <datafield tag="510" ind1="2" ind2=" ">
    <subfield code="w">r</subfield>
    <subfield code="i">Predecessor:</subfield>
    <subfield code="a">Philosophy of Education Association of Nigeria</subfield>
  </datafield>
  <datafield tag="670" ind1=" " ind2=" ">
    <subfield code="a">38th Annual Conference, 2018:</subfield>
    <subfield code="b">cover (Philosophers of Education Association of Nigeria (PEAN))</subfield>
  </datafield>
  <datafield tag="670" ind1=" " ind2=" ">
    <subfield code="a">Nigerian journal of educational philosophy, 1983-84:</subfield>
    <subfield code="b">title page (Philosophy of Education Association of Nigeria) title page verso (PEAN)</subfield>
  </datafield>
</record>