
<record>
  <leader>00575nz  a2200169n  4500</leader>
  <controlfield tag="001">11258164</controlfield>
  <controlfield tag="003">DLC</controlfield>
  <controlfield tag="005">20200104073014.0</controlfield>
  <controlfield tag="008">200103n| azannaabn          |n aaa     c</controlfield>
  <datafield tag="010" ind1=" " ind2=" ">
    <subfield code="a">no2020000423</subfield>
  </datafield>
  <datafield tag="035" ind1=" " ind2=" ">
    <subfield code="a">(OCoLC)oca12668404</subfield>
  </datafield>
  <datafield tag="040" ind1=" " ind2=" ">
    <subfield code="a">StEdNL</subfield>
    <subfield code="b">eng</subfield>
    <subfield code="e">rda</subfield>
    <subfield code="c">StEdNL</subfield>
  </datafield>
  <datafield tag="100" ind1="1" ind2=" ">
    <subfield code="a">Mahtani, Celia</subfield>
  </datafield>
  <datafield tag="370" ind1=" " ind2=" ">
    <subfield code="c">Great Britain</subfield>
    <subfield code="2">naf</subfield>
  </datafield>
  <datafield tag="377" ind1=" " ind2=" ">
    <subfield code="a">eng</subfield>
  </datafield>
  <datafield tag="670" ind1=" " ind2=" ">
    <subfield code="a">Gujarati journeys of faith, 2019:</subfield>
    <subfield code="b">t.p. (Deepak &amp; Celia Mahtani)</subfield>
  </datafield>
  <datafield tag="670" ind1=" " ind2=" ">
    <subfield code="a">Companies House WWW site, 3 Jan., 2020</subfield>
    <subfield code="b">(Celia Mahtani)</subfield>
    <subfield code="u">https://beta.companieshouse.gov.uk/officers/q-z5mONzP1pWQOe4cjDaUx2g9Og/appointments</subfield>
  </datafield>
</record>