
<record>
  <leader>00871nz  a2200229n  4500</leader>
  <controlfield tag="001">11258165</controlfield>
  <controlfield tag="003">DLC</controlfield>
  <controlfield tag="005">20200104073014.0</controlfield>
  <controlfield tag="008">200103n| azannaabn          |b aaa     c</controlfield>
  <datafield tag="010" ind1=" " ind2=" ">
    <subfield code="a">no2020000424</subfield>
  </datafield>
  <datafield tag="035" ind1=" " ind2=" ">
    <subfield code="a">(OCoLC)oca12668405</subfield>
  </datafield>
  <datafield tag="040" ind1=" " ind2=" ">
    <subfield code="a">NNC</subfield>
    <subfield code="b">eng</subfield>
    <subfield code="e">rda</subfield>
    <subfield code="c">NNC</subfield>
  </datafield>
  <datafield tag="053" ind1=" " ind2="4">
    <subfield code="a">PG3491.98.U7238</subfield>
    <subfield code="5">NNC</subfield>
  </datafield>
  <datafield tag="100" ind1="1" ind2=" ">
    <subfield code="a">Gurenko, Aleksandr</subfield>
  </datafield>
  <datafield tag="375" ind1=" " ind2=" ">
    <subfield code="a">Males</subfield>
    <subfield code="2">lcdgt</subfield>
  </datafield>
  <datafield tag="377" ind1=" " ind2=" ">
    <subfield code="a">rus</subfield>
  </datafield>
  <datafield tag="378" ind1=" " ind2=" ">
    <subfield code="q">Aleksandr Vladimirovich</subfield>
  </datafield>
  <datafield tag="400" ind1="1" ind2=" ">
    <subfield code="a">Гуренко, Александр</subfield>
  </datafield>
  <datafield tag="400" ind1="1" ind2=" ">
    <subfield code="a">Гуренко, А. В.</subfield>
  </datafield>
  <datafield tag="400" ind1="1" ind2=" ">
    <subfield code="a">Gurenko, A. V.</subfield>
  </datafield>
  <datafield tag="667" ind1=" " ind2=" ">
    <subfield code="a">Non-Latin script references not evaluated.</subfield>
  </datafield>
  <datafield tag="670" ind1=" " ind2=" ">
    <subfield code="a">Gurenko, Aleksandr. Derevenskie baĭki, 2019:</subfield>
    <subfield code="b">title page (Александр Гуренко = Aleksandr Gurenko) t.p. verso (Гуренко А.В. = Gurenko A.V.) colophon (Александр Владимирович Гуренко = Aleksandr Vladimirovich Gurenko)</subfield>
  </datafield>
</record>