
<record>
  <leader>00411nz  a2200145n  4500</leader>
  <controlfield tag="001">11258167</controlfield>
  <controlfield tag="003">DLC</controlfield>
  <controlfield tag="005">20200104073015.0</controlfield>
  <controlfield tag="008">200103n| azannaabn          |n aaa     c</controlfield>
  <datafield tag="010" ind1=" " ind2=" ">
    <subfield code="a">no2020000426</subfield>
  </datafield>
  <datafield tag="035" ind1=" " ind2=" ">
    <subfield code="a">(OCoLC)oca12668407</subfield>
  </datafield>
  <datafield tag="040" ind1=" " ind2=" ">
    <subfield code="a">RPCL</subfield>
    <subfield code="b">eng</subfield>
    <subfield code="e">rda</subfield>
    <subfield code="c">RPCL</subfield>
  </datafield>
  <datafield tag="100" ind1="1" ind2=" ">
    <subfield code="a">Astor, Lucas</subfield>
  </datafield>
  <datafield tag="374" ind1=" " ind2=" ">
    <subfield code="a">Authors</subfield>
    <subfield code="2">lcsh</subfield>
  </datafield>
  <datafield tag="670" ind1=" " ind2=" ">
    <subfield code="a">Weis, Alexandrea. Death by the river, 2018:</subfield>
    <subfield code="b">title page (Alexandrea Weis and Lucas Astor)</subfield>
  </datafield>
</record>