
<record>
  <leader>00393nz  a2200133n  4500</leader>
  <controlfield tag="001">11258169</controlfield>
  <controlfield tag="003">DLC</controlfield>
  <controlfield tag="005">20200104073015.0</controlfield>
  <controlfield tag="008">200103n| azannaabn          |n aaa     c</controlfield>
  <datafield tag="010" ind1=" " ind2=" ">
    <subfield code="a">no2020000428</subfield>
  </datafield>
  <datafield tag="035" ind1=" " ind2=" ">
    <subfield code="a">(OCoLC)oca12668409</subfield>
  </datafield>
  <datafield tag="040" ind1=" " ind2=" ">
    <subfield code="a">NcU</subfield>
    <subfield code="b">eng</subfield>
    <subfield code="e">rda</subfield>
    <subfield code="c">NcU</subfield>
  </datafield>
  <datafield tag="100" ind1="1" ind2=" ">
    <subfield code="a">Fentanes, J. E.,</subfield>
    <subfield code="d">1907-1977.</subfield>
    <subfield code="t">Petiso Orejudo</subfield>
  </datafield>
  <datafield tag="670" ind1=" " ind2=" ">
    <subfield code="a">El Petiso Orejudo, 1960.:</subfield>
    <subfield code="b">title page (obra original de J. E. Fentanes)</subfield>
  </datafield>
</record>