
<record>
  <leader>00907nz  a2200205n  4500</leader>
  <controlfield tag="001">11258170</controlfield>
  <controlfield tag="003">DLC</controlfield>
  <controlfield tag="005">20200104073015.0</controlfield>
  <controlfield tag="008">200103n| azannaabn          |a aaa     c</controlfield>
  <datafield tag="010" ind1=" " ind2=" ">
    <subfield code="a">no2020000429</subfield>
  </datafield>
  <datafield tag="035" ind1=" " ind2=" ">
    <subfield code="a">(OCoLC)oca12668410</subfield>
  </datafield>
  <datafield tag="040" ind1=" " ind2=" ">
    <subfield code="a">MH-Mu</subfield>
    <subfield code="b">eng</subfield>
    <subfield code="e">rda</subfield>
    <subfield code="c">MH-Mu</subfield>
  </datafield>
  <datafield tag="046" ind1=" " ind2=" ">
    <subfield code="k">1863-08</subfield>
    <subfield code="2">edtf</subfield>
  </datafield>
  <datafield tag="100" ind1="1" ind2=" ">
    <subfield code="a">Gade, Niels W.</subfield>
    <subfield code="q">(Niels Wilhelm),</subfield>
    <subfield code="d">1817-1890.</subfield>
    <subfield code="t">Ved solnedgang</subfield>
  </datafield>
  <datafield tag="380" ind1=" " ind2=" ">
    <subfield code="a">Cantatas</subfield>
    <subfield code="2">lcgft</subfield>
  </datafield>
  <datafield tag="382" ind1="0" ind2=" ">
    <subfield code="a">mixed chorus</subfield>
    <subfield code="v">SSAATTBB</subfield>
    <subfield code="a">orchestra</subfield>
    <subfield code="2">lcmpt</subfield>
  </datafield>
  <datafield tag="400" ind1="1" ind2=" ">
    <subfield code="a">Gade, Niels W.</subfield>
    <subfield code="q">(Niels Wilhelm),</subfield>
    <subfield code="d">1817-1890.</subfield>
    <subfield code="t">Beim Sonnenuntergang</subfield>
  </datafield>
  <datafield tag="400" ind1="1" ind2=" ">
    <subfield code="a">Gade, Niels W.</subfield>
    <subfield code="q">(Niels Wilhelm),</subfield>
    <subfield code="d">1817-1890.</subfield>
    <subfield code="t">At sunset</subfield>
  </datafield>
  <datafield tag="500" ind1="1" ind2=" ">
    <subfield code="w">r</subfield>
    <subfield code="i">Author:</subfield>
    <subfield code="a">Munch, A.</subfield>
    <subfield code="q">(Andreas),</subfield>
    <subfield code="d">1811-1884</subfield>
  </datafield>
  <datafield tag="670" ind1=" " ind2=" ">
    <subfield code="a">Gade, Niels W. Cantatas, 2019:</subfield>
    <subfield code="b">page 241 (Ved Solnedgang = Beim Sonnenuntergang, opus 46) page 240 (text by Andreas Munch) score (for mixed chorus (SSAATTBB) and orchestra) title page (At sunset, op. 46) page x (dated August 1863)</subfield>
  </datafield>
</record>