
<record>
  <leader>00421nz  a2200133n  4500</leader>
  <controlfield tag="001">11258171</controlfield>
  <controlfield tag="003">DLC</controlfield>
  <controlfield tag="005">20200104073015.0</controlfield>
  <controlfield tag="008">200103n| azannaabn          |n ana     c</controlfield>
  <datafield tag="010" ind1=" " ind2=" ">
    <subfield code="a">no2020000430</subfield>
  </datafield>
  <datafield tag="035" ind1=" " ind2=" ">
    <subfield code="a">(OCoLC)oca12668411</subfield>
  </datafield>
  <datafield tag="040" ind1=" " ind2=" ">
    <subfield code="a">NJQ</subfield>
    <subfield code="b">eng</subfield>
    <subfield code="e">rda</subfield>
    <subfield code="c">NJQ</subfield>
  </datafield>
  <datafield tag="110" ind1="2" ind2=" ">
    <subfield code="a">Calligraphuck Ltd.</subfield>
  </datafield>
  <datafield tag="670" ind1=" " ind2=" ">
    <subfield code="a">Calligraphuck. Classy as fuck cocktails, 2020:</subfield>
    <subfield code="b">ecip galley title page (Calligraphuck) copyright statement Calligraphuck Ltd.</subfield>
  </datafield>
</record>