
<record>
  <leader>01218nz  a2200217n  4500</leader>
  <controlfield tag="001">11258173</controlfield>
  <controlfield tag="003">DLC</controlfield>
  <controlfield tag="005">20200104073016.0</controlfield>
  <controlfield tag="008">200103n| azannaabn          |a aaa     c</controlfield>
  <datafield tag="010" ind1=" " ind2=" ">
    <subfield code="a">no2020000435</subfield>
  </datafield>
  <datafield tag="035" ind1=" " ind2=" ">
    <subfield code="a">(OCoLC)oca12668416</subfield>
  </datafield>
  <datafield tag="040" ind1=" " ind2=" ">
    <subfield code="a">NcU</subfield>
    <subfield code="b">eng</subfield>
    <subfield code="e">rda</subfield>
    <subfield code="c">NcU</subfield>
  </datafield>
  <datafield tag="046" ind1=" " ind2=" ">
    <subfield code="f">1981</subfield>
    <subfield code="2">edtf</subfield>
  </datafield>
  <datafield tag="100" ind1="1" ind2=" ">
    <subfield code="a">Guillermin, Mathieu,</subfield>
    <subfield code="d">1981-</subfield>
  </datafield>
  <datafield tag="374" ind1=" " ind2=" ">
    <subfield code="a">University and college faculty members</subfield>
    <subfield code="2">lcdgt</subfield>
  </datafield>
  <datafield tag="377" ind1=" " ind2=" ">
    <subfield code="a">fre</subfield>
  </datafield>
  <datafield tag="400" ind1="1" ind2=" ">
    <subfield code="a">Guillermin, Matthieu,</subfield>
    <subfield code="d">1981-</subfield>
  </datafield>
  <datafield tag="670" ind1=" " ind2=" ">
    <subfield code="a">Le réel voilé face à la philosophie kantienne, 2018:</subfield>
    <subfield code="b">title page (Mathieu Guillermin)</subfield>
  </datafield>
  <datafield tag="670" ind1=" " ind2=" ">
    <subfield code="a">WWW search 2 January 2020</subfield>
    <subfield code="b">(M. Guillermin, maître de conférences à l&apos;Université Catholique de Lyon; il est docteur en physique (Université Jean Monnet, 2009) et docteur en philosophie (Université Catholique de Louvain, 2016))</subfield>
    <subfield code="u">https://www.centrejacquescartier.com/les-conferenciers/details/conferencier/m-guillermin/</subfield>
  </datafield>
  <datafield tag="670" ind1=" " ind2=" ">
    <subfield code="a">OCLC searched 2 January 2020</subfield>
    <subfield code="b">(access point: Guillermin, Mathieu, 1981- ; Guillermin, Matthieu, 1981- ; usage: Matthieu Guillermin ; Mathieu Guillermin)</subfield>
  </datafield>
  <datafield tag="670" ind1=" " ind2=" ">
    <subfield code="a">VIAF WWW site, viewed 2 January 2020</subfield>
    <subfield code="b">(Guillermin, Mathieu, 1981-)</subfield>
    <subfield code="u">http://viaf.org/viaf/45157098346172550369/#Guillermin,_Mathieu,_1981-</subfield>
  </datafield>
</record>