
<record>
  <leader>00683nz  a2200205n  4500</leader>
  <controlfield tag="001">11258177</controlfield>
  <controlfield tag="003">DLC</controlfield>
  <controlfield tag="005">20200104073016.0</controlfield>
  <controlfield tag="008">200103n| azannaabn          |a aaa      </controlfield>
  <datafield tag="010" ind1=" " ind2=" ">
    <subfield code="a">no2020000439</subfield>
  </datafield>
  <datafield tag="016" ind1=" " ind2=" ">
    <subfield code="a">1032K1552E</subfield>
  </datafield>
  <datafield tag="035" ind1=" " ind2=" ">
    <subfield code="a">(OCoLC)oca12668420</subfield>
  </datafield>
  <datafield tag="040" ind1=" " ind2=" ">
    <subfield code="a">CaOONL</subfield>
    <subfield code="b">eng</subfield>
    <subfield code="e">rda</subfield>
    <subfield code="c">CaOONL</subfield>
  </datafield>
  <datafield tag="042" ind1=" " ind2=" ">
    <subfield code="a">nlc</subfield>
  </datafield>
  <datafield tag="046" ind1=" " ind2=" ">
    <subfield code="k">2019</subfield>
    <subfield code="2">edtf</subfield>
  </datafield>
  <datafield tag="100" ind1="1" ind2=" ">
    <subfield code="a">Bisaillon, Josée.</subfield>
    <subfield code="t">Reviens sur terre Esther!</subfield>
    <subfield code="l">English</subfield>
  </datafield>
  <datafield tag="336" ind1=" " ind2=" ">
    <subfield code="a">text</subfield>
    <subfield code="b">txt</subfield>
    <subfield code="2">rdacontent</subfield>
  </datafield>
  <datafield tag="377" ind1=" " ind2=" ">
    <subfield code="a">eng</subfield>
  </datafield>
  <datafield tag="400" ind1="1" ind2=" ">
    <subfield code="a">Bisaillon, Josée.</subfield>
    <subfield code="t">Come back to earth, Esther!</subfield>
  </datafield>
  <datafield tag="670" ind1=" " ind2=" ">
    <subfield code="a">Come back to earth, Esther!, 2019:</subfield>
    <subfield code="b">LAC CIP application (translation of: Reviens sur terre Esther!) title page (words and art by Josée Bisaillon)</subfield>
  </datafield>
</record>