
<record>
  <leader>01009nz  a2200205n  4500</leader>
  <controlfield tag="001">11258178</controlfield>
  <controlfield tag="003">DLC</controlfield>
  <controlfield tag="005">20200104073016.0</controlfield>
  <controlfield tag="008">200103n| azannaabn          |n aaa     c</controlfield>
  <datafield tag="010" ind1=" " ind2=" ">
    <subfield code="a">no2020000440</subfield>
  </datafield>
  <datafield tag="035" ind1=" " ind2=" ">
    <subfield code="a">(OCoLC)oca12668421</subfield>
  </datafield>
  <datafield tag="040" ind1=" " ind2=" ">
    <subfield code="a">NBPu</subfield>
    <subfield code="b">eng</subfield>
    <subfield code="e">rda</subfield>
    <subfield code="c">NBPu</subfield>
  </datafield>
  <datafield tag="046" ind1=" " ind2=" ">
    <subfield code="f">1934</subfield>
    <subfield code="g">2009-07-11</subfield>
    <subfield code="2">edtf</subfield>
  </datafield>
  <datafield tag="100" ind1="1" ind2=" ">
    <subfield code="a">Kaplan, Burton,</subfield>
    <subfield code="d">1933 or 1934-2009</subfield>
  </datafield>
  <datafield tag="370" ind1=" " ind2=" ">
    <subfield code="c">United States</subfield>
    <subfield code="e">New York (N.Y.)</subfield>
    <subfield code="c">Brooklyn (New York, N.Y)</subfield>
    <subfield code="2">naf</subfield>
  </datafield>
  <datafield tag="372" ind1=" " ind2=" ">
    <subfield code="a">Crimes</subfield>
    <subfield code="2">lcsh</subfield>
  </datafield>
  <datafield tag="375" ind1=" " ind2=" ">
    <subfield code="a">male</subfield>
  </datafield>
  <datafield tag="670" ind1=" " ind2=" ">
    <subfield code="a">Breslin, Jimmy. Good rat, 2008:</subfield>
    <subfield code="b">p. 9, etc. (Burton Kaplan, informant and witness against NYPD &quot;mob cops&quot;  Louis Eppolito and Stephen Caracappa in 2006.)</subfield>
  </datafield>
  <datafield tag="670" ind1=" " ind2=" ">
    <subfield code="a">WWW, New York Post July 22, 2009 (viewed Dec. 18, 2018)</subfield>
    <subfield code="b">(Burton Kaplan, age 75, d. July 11, 2009)</subfield>
    <subfield code="u">http://nypost.com/2009/07/22/canary-who-nailed-mob-cops-is-dead/</subfield>
  </datafield>
  <datafield tag="670" ind1=" " ind2=" ">
    <subfield code="a">WWW. McGrath, Ben. &quot;Kiss City&quot;,  New Yorker website, May 1, 2006 (viewed Dec. 18, 2018)</subfield>
    <subfield code="b">(Burton Kaplan, b. Brooklyn NY)</subfield>
    <subfield code="u">https://www.newyorker.com/magazine/2006/05/01/kiss-city</subfield>
  </datafield>
</record>