
<record>
  <leader>00726nz  a2200193n  4500</leader>
  <controlfield tag="001">11258179</controlfield>
  <controlfield tag="003">DLC</controlfield>
  <controlfield tag="005">20200104073016.0</controlfield>
  <controlfield tag="008">200102n| azannaabn          |n aaa     c</controlfield>
  <datafield tag="010" ind1=" " ind2=" ">
    <subfield code="a">no2020000444</subfield>
  </datafield>
  <datafield tag="035" ind1=" " ind2=" ">
    <subfield code="a">(OCoLC)oca12668425</subfield>
  </datafield>
  <datafield tag="040" ind1=" " ind2=" ">
    <subfield code="a">UPB</subfield>
    <subfield code="b">eng</subfield>
    <subfield code="e">rda</subfield>
    <subfield code="c">UPB</subfield>
  </datafield>
  <datafield tag="046" ind1=" " ind2=" ">
    <subfield code="f">1841-02-21</subfield>
    <subfield code="g">1876-09-24</subfield>
    <subfield code="2">edtf</subfield>
  </datafield>
  <datafield tag="100" ind1="1" ind2=" ">
    <subfield code="a">Poulsen, Johan Christian,</subfield>
    <subfield code="d">1841-1876</subfield>
  </datafield>
  <datafield tag="370" ind1=" " ind2=" ">
    <subfield code="a">Hj̜rring (Denmark)</subfield>
    <subfield code="b">Holden (Utah)</subfield>
    <subfield code="2">naf</subfield>
  </datafield>
  <datafield tag="375" ind1=" " ind2=" ">
    <subfield code="a">Males</subfield>
    <subfield code="2">lcdgt</subfield>
  </datafield>
  <datafield tag="377" ind1=" " ind2=" ">
    <subfield code="a">dan</subfield>
  </datafield>
  <datafield tag="670" ind1=" " ind2=" ">
    <subfield code="a">Johan Christian Poulsen autobiography and diary, 1864-1866</subfield>
    <subfield code="b">(Johan Christian Poulsen)</subfield>
  </datafield>
  <datafield tag="670" ind1=" " ind2=" ">
    <subfield code="a">Ancestry, viewed 27 December 2019</subfield>
    <subfield code="b">(Johan Christian Poulsen; b. 21 Feb. 1841 in Hjørring, Denmark; d.24 Sept. 1876 in Holden, Utah Territory; m.Eliza Thompson)</subfield>
  </datafield>
</record>