
<record>
  <leader>00897nz  a2200217n  4500</leader>
  <controlfield tag="001">11258185</controlfield>
  <controlfield tag="003">DLC</controlfield>
  <controlfield tag="005">20200104073017.0</controlfield>
  <controlfield tag="008">200103n| azannaabn          |a aaa     c</controlfield>
  <datafield tag="010" ind1=" " ind2=" ">
    <subfield code="a">no2020000450</subfield>
  </datafield>
  <datafield tag="035" ind1=" " ind2=" ">
    <subfield code="a">(OCoLC)oca12668431</subfield>
  </datafield>
  <datafield tag="040" ind1=" " ind2=" ">
    <subfield code="a">IEN</subfield>
    <subfield code="b">eng</subfield>
    <subfield code="e">rda</subfield>
    <subfield code="c">IEN</subfield>
  </datafield>
  <datafield tag="046" ind1=" " ind2=" ">
    <subfield code="f">1982</subfield>
    <subfield code="2">edtf</subfield>
  </datafield>
  <datafield tag="100" ind1="1" ind2=" ">
    <subfield code="a">Loewenich, Maria von,</subfield>
    <subfield code="d">1982-</subfield>
  </datafield>
  <datafield tag="370" ind1=" " ind2=" ">
    <subfield code="a">Frankfurt am Main (Germany)</subfield>
    <subfield code="2">naf</subfield>
  </datafield>
  <datafield tag="374" ind1=" " ind2=" ">
    <subfield code="a">Historians</subfield>
    <subfield code="2">lcsh</subfield>
  </datafield>
  <datafield tag="375" ind1=" " ind2=" ">
    <subfield code="a">Females</subfield>
    <subfield code="2">lcdgt</subfield>
  </datafield>
  <datafield tag="400" ind1="1" ind2=" ">
    <subfield code="a">Von Loewenich, Maria,</subfield>
    <subfield code="d">1982-</subfield>
  </datafield>
  <datafield tag="670" ind1=" " ind2=" ">
    <subfield code="a">Amt und Prestige, 2019:</subfield>
    <subfield code="b">title page (Maria von Loewenich)</subfield>
  </datafield>
  <datafield tag="670" ind1=" " ind2=" ">
    <subfield code="a">OCLC database, Jan. 3, 2020</subfield>
    <subfield code="b">(access points: Loewenich, Maria von, 1982-; Loewenich, Maria von; usage: Maria von Loewenich)</subfield>
  </datafield>
  <datafield tag="670" ind1=" " ind2=" ">
    <subfield code="a">Universität Münster web site, January 3, 2020</subfield>
    <subfield code="b">(Maria von Loewenich; born 1982 in Frankfurt am Main; PhD in history 2011 Universität Münster; since 2013 works at the Bundesarchiv; she)</subfield>
  </datafield>
</record>