
<record>
  <leader>01476nz  a2200229n  4500</leader>
  <controlfield tag="001">11258187</controlfield>
  <controlfield tag="003">DLC</controlfield>
  <controlfield tag="005">20200104073017.0</controlfield>
  <controlfield tag="008">200103n| azannaabn          |a aaa     c</controlfield>
  <datafield tag="010" ind1=" " ind2=" ">
    <subfield code="a">no2020000456</subfield>
  </datafield>
  <datafield tag="035" ind1=" " ind2=" ">
    <subfield code="a">(OCoLC)oca12668437</subfield>
  </datafield>
  <datafield tag="040" ind1=" " ind2=" ">
    <subfield code="a">NcU</subfield>
    <subfield code="b">eng</subfield>
    <subfield code="e">rda</subfield>
    <subfield code="c">NcU</subfield>
  </datafield>
  <datafield tag="046" ind1=" " ind2=" ">
    <subfield code="f">1955-09-24</subfield>
    <subfield code="g">2019-01-26</subfield>
    <subfield code="2">edtf</subfield>
  </datafield>
  <datafield tag="100" ind1="1" ind2=" ">
    <subfield code="a">Day, Douglas,</subfield>
    <subfield code="d">1955-2019</subfield>
  </datafield>
  <datafield tag="370" ind1=" " ind2=" ">
    <subfield code="c">United States</subfield>
    <subfield code="2">naf</subfield>
  </datafield>
  <datafield tag="374" ind1=" " ind2=" ">
    <subfield code="a">Folklorists</subfield>
    <subfield code="2">lcsh</subfield>
  </datafield>
  <datafield tag="377" ind1=" " ind2=" ">
    <subfield code="a">eng</subfield>
  </datafield>
  <datafield tag="378" ind1=" " ind2=" ">
    <subfield code="q">Douglas Turner</subfield>
  </datafield>
  <datafield tag="400" ind1="1" ind2=" ">
    <subfield code="a">Day, Douglas Turner,</subfield>
    <subfield code="c">IV,</subfield>
    <subfield code="d">1955-2019</subfield>
  </datafield>
  <datafield tag="670" ind1=" " ind2=" ">
    <subfield code="a">Folk school songbook, 1991:</subfield>
    <subfield code="b">title page (compiled and annotated by Betty Nance Smith and Douglas Day)</subfield>
  </datafield>
  <datafield tag="670" ind1=" " ind2=" ">
    <subfield code="a">In the world of my ancestors, 1994:</subfield>
    <subfield code="b">title page (Douglas Turner Day, IV; Ph. D. in folklore, University of Pennsylvania)</subfield>
  </datafield>
  <datafield tag="670" ind1=" " ind2=" ">
    <subfield code="a">The daily progress WWW site, Dec. 23, 2019</subfield>
    <subfield code="b">(Douglas Turner Day IV of Waynesboro, Virginia; born in Pensacola, Florida, on September 24, 1955, died January 26, 2019; resident of Waynesboro, Virginia; received his B.A. from the University of Virginia, his M.A. from the University of North Carolina, Chapel Hill, and his Ph.D. from the University of Pennsylvania; his fields of study were Folklore and Folklife; former Executive Director of the Albemarle Charlottesville Historical Society, the Southern Council for Folk Culture, and former Folklorist at the John C. Campbell Folk School)</subfield>
    <subfield code="u">https://www.dailyprogress.com/obituaries/day-iv-douglas-turner/article_9c983e21-3604-5acd-8360-25decb6fa214.html</subfield>
  </datafield>
</record>