
<record>
  <leader>00947nz  a2200217n  4500</leader>
  <controlfield tag="001">11258188</controlfield>
  <controlfield tag="003">DLC</controlfield>
  <controlfield tag="005">20200104073017.0</controlfield>
  <controlfield tag="008">200103n| azannaabn          |b ana     c</controlfield>
  <datafield tag="010" ind1=" " ind2=" ">
    <subfield code="a">no2020000457</subfield>
  </datafield>
  <datafield tag="035" ind1=" " ind2=" ">
    <subfield code="a">(OCoLC)oca12668438</subfield>
  </datafield>
  <datafield tag="040" ind1=" " ind2=" ">
    <subfield code="a">InU</subfield>
    <subfield code="b">eng</subfield>
    <subfield code="e">rda</subfield>
    <subfield code="c">InU</subfield>
  </datafield>
  <datafield tag="046" ind1=" " ind2=" ">
    <subfield code="s">2016-02-19</subfield>
    <subfield code="t">2016-02-19</subfield>
    <subfield code="2">edtf</subfield>
  </datafield>
  <datafield tag="111" ind1="2" ind2=" ">
    <subfield code="a">Ri︠a︡zanovskie chtenii︠a︡</subfield>
    <subfield code="n">(3rd :</subfield>
    <subfield code="d">2016 :</subfield>
    <subfield code="c">Moscow, Russia)</subfield>
  </datafield>
  <datafield tag="368" ind1=" " ind2=" ">
    <subfield code="a">Congresses and conventions</subfield>
    <subfield code="2">lcsh</subfield>
  </datafield>
  <datafield tag="370" ind1=" " ind2=" ">
    <subfield code="e">Moscow (Russia)</subfield>
    <subfield code="2">naf</subfield>
  </datafield>
  <datafield tag="377" ind1=" " ind2=" ">
    <subfield code="a">rus</subfield>
  </datafield>
  <datafield tag="411" ind1="2" ind2=" ">
    <subfield code="a">Рязановские чтения</subfield>
    <subfield code="n">(3rd :</subfield>
    <subfield code="d">2016 :</subfield>
    <subfield code="c">Моscow, Russia)</subfield>
  </datafield>
  <datafield tag="510" ind1="2" ind2=" ">
    <subfield code="w">r</subfield>
    <subfield code="i">Organizer:</subfield>
    <subfield code="a">T︠S︡entr sot︠s︡ialʹno-politicheskoĭ istorii (Moscow, Russia)</subfield>
  </datafield>
  <datafield tag="667" ind1=" " ind2=" ">
    <subfield code="a">Non-Latin script reference not evaluated.</subfield>
  </datafield>
  <datafield tag="670" ind1=" " ind2=" ">
    <subfield code="a">Predvari︠a︡i︠a︡ revoli︠u︡t︠s︡ii︠u︡ : knizhnye, arkhivnye i muzeĭnye kollekt︠s︡ii, 2017:</subfield>
    <subfield code="b">title page (Tretʹi Ri︠a︡zanovskie chtenii︠a︡, 19 fevrali︠a︡ 2016 g.; Moskva)</subfield>
  </datafield>
</record>