
<record>
  <leader>01377nz  a2200205n  4500</leader>
  <controlfield tag="001">11258189</controlfield>
  <controlfield tag="003">DLC</controlfield>
  <controlfield tag="005">20200104073018.0</controlfield>
  <controlfield tag="008">200103n| azannaabn          |b aaa     c</controlfield>
  <datafield tag="010" ind1=" " ind2=" ">
    <subfield code="a">no2020000458</subfield>
  </datafield>
  <datafield tag="035" ind1=" " ind2=" ">
    <subfield code="a">(OCoLC)oca12668439</subfield>
  </datafield>
  <datafield tag="040" ind1=" " ind2=" ">
    <subfield code="a">InU</subfield>
    <subfield code="b">eng</subfield>
    <subfield code="e">rda</subfield>
    <subfield code="c">InU</subfield>
  </datafield>
  <datafield tag="046" ind1=" " ind2=" ">
    <subfield code="f">1931-06-18</subfield>
    <subfield code="2">edtf</subfield>
  </datafield>
  <datafield tag="100" ind1="1" ind2=" ">
    <subfield code="a">Karelina, Galina</subfield>
    <subfield code="q">(Galina Timofeevna),</subfield>
    <subfield code="d">1931-</subfield>
  </datafield>
  <datafield tag="375" ind1=" " ind2=" ">
    <subfield code="a">Females</subfield>
    <subfield code="2">lcdgt</subfield>
  </datafield>
  <datafield tag="377" ind1=" " ind2=" ">
    <subfield code="a">rus</subfield>
  </datafield>
  <datafield tag="400" ind1="1" ind2=" ">
    <subfield code="a">Карелина, Галина</subfield>
    <subfield code="q">(Галина Тимофеевна),</subfield>
    <subfield code="d">1931-</subfield>
  </datafield>
  <datafield tag="667" ind1=" " ind2=" ">
    <subfield code="a">Non-Latin script reference not evaluated.</subfield>
  </datafield>
  <datafield tag="670" ind1=" " ind2=" ">
    <subfield code="a">Verner, Marii︠a︡. &quot;Ne o sebe -- o vremeni i o li︠u︡di︠a︡kh, na kotorykh derzhitsi︠a︡ mir ...&quot;, 2017:</subfield>
    <subfield code="b">title page (Galina Karelina) title page verso ( ... Galiny Timofeevny Karelinoĭ)</subfield>
  </datafield>
  <datafield tag="670" ind1=" " ind2=" ">
    <subfield code="a">Website, IMDb, January 3, 2020</subfield>
    <subfield code="b">(Galina Karelina; character actress of the Aleksandrinka Theatre, St. Petersburg; b. Galina Timofeevna Karelina, June 18, 1931; 1951-1956, studied acting at the Leningrad Institute of Theatre, Music, and Cinematography, graduating in 1956; made her stage debut at the Pushkin (Aleksandrinka) Drama Theatre in Leningrad (St. Petersburg); designated People&apos;s Actress of Russian Federation (1980); also received numerous awards and decorations, including the Order of Friendship from the president of Russia (2006))</subfield>
    <subfield code="u">https://www.imdb.com/name/nm1248473/bio?ref_=nm_ov_bio_sm</subfield>
  </datafield>
</record>