
<record>
  <leader>00660nz  a2200181n  4500</leader>
  <controlfield tag="001">11258192</controlfield>
  <controlfield tag="003">DLC</controlfield>
  <controlfield tag="005">20200104073018.0</controlfield>
  <controlfield tag="008">200103n| azannaabn          |n aaa     c</controlfield>
  <datafield tag="010" ind1=" " ind2=" ">
    <subfield code="a">no2020000462</subfield>
  </datafield>
  <datafield tag="035" ind1=" " ind2=" ">
    <subfield code="a">(OCoLC)oca12668443</subfield>
  </datafield>
  <datafield tag="040" ind1=" " ind2=" ">
    <subfield code="a">NN-MUS</subfield>
    <subfield code="b">eng</subfield>
    <subfield code="e">rda</subfield>
    <subfield code="c">NN-MUS</subfield>
  </datafield>
  <datafield tag="046" ind1=" " ind2=" ">
    <subfield code="k">2012</subfield>
    <subfield code="2">edtf</subfield>
  </datafield>
  <datafield tag="100" ind1="1" ind2=" ">
    <subfield code="a">Schwendinger, Laura Elise,</subfield>
    <subfield code="d">1962-</subfield>
    <subfield code="t">Treetop studio</subfield>
  </datafield>
  <datafield tag="380" ind1=" " ind2=" ">
    <subfield code="a">Chamber music</subfield>
    <subfield code="2">lcgft</subfield>
  </datafield>
  <datafield tag="382" ind1="0" ind2=" ">
    <subfield code="a">clarinet</subfield>
    <subfield code="n">1</subfield>
    <subfield code="a">cello</subfield>
    <subfield code="n">1</subfield>
    <subfield code="s">2</subfield>
    <subfield code="2">lcmpt</subfield>
  </datafield>
  <datafield tag="670" ind1=" " ind2=" ">
    <subfield code="a">Schwendinger, Laura Elise. Treetop studio, [2018]:</subfield>
    <subfield code="b">cover (Treetop studio : for clarinet and cello)</subfield>
  </datafield>
  <datafield tag="670" ind1=" " ind2=" ">
    <subfield code="a">Laura Elise Schwendinger WWW site, January 3, 2020</subfield>
    <subfield code="b">(Treetop studio (2012); for clarinet and cello)</subfield>
  </datafield>
</record>