
<record>
  <leader>01162nz  a2200253n  4500</leader>
  <controlfield tag="001">11258196</controlfield>
  <controlfield tag="003">DLC</controlfield>
  <controlfield tag="005">20200104073020.0</controlfield>
  <controlfield tag="008">200103n| azannaabn          |a aaa     c</controlfield>
  <datafield tag="010" ind1=" " ind2=" ">
    <subfield code="a">no2020000466</subfield>
  </datafield>
  <datafield tag="035" ind1=" " ind2=" ">
    <subfield code="a">(OCoLC)oca12668447</subfield>
  </datafield>
  <datafield tag="040" ind1=" " ind2=" ">
    <subfield code="a">NjP</subfield>
    <subfield code="b">eng</subfield>
    <subfield code="e">rda</subfield>
    <subfield code="c">NjP</subfield>
  </datafield>
  <datafield tag="046" ind1=" " ind2=" ">
    <subfield code="f">1892</subfield>
    <subfield code="2">edtf</subfield>
  </datafield>
  <datafield tag="100" ind1="1" ind2=" ">
    <subfield code="a">Heycop ten Ham-Frowein, J. M. H. van</subfield>
    <subfield code="q">(Johanna Maria Henrietta van),</subfield>
    <subfield code="d">1892-</subfield>
  </datafield>
  <datafield tag="374" ind1=" " ind2=" ">
    <subfield code="a">Translators</subfield>
    <subfield code="2">lcsh</subfield>
  </datafield>
  <datafield tag="377" ind1=" " ind2=" ">
    <subfield code="a">dut</subfield>
    <subfield code="a">eng</subfield>
  </datafield>
  <datafield tag="378" ind1=" " ind2=" ">
    <subfield code="q">Johanna Maria Henrietta van</subfield>
  </datafield>
  <datafield tag="400" ind1="1" ind2=" ">
    <subfield code="a">Heycop ten Ham-Frowein, Johanna Maria Henrietta van,</subfield>
    <subfield code="d">1892-</subfield>
  </datafield>
  <datafield tag="400" ind1="1" ind2=" ">
    <subfield code="a">Ten Ham-Frowein, J. M. H. van Heycop</subfield>
    <subfield code="q">(Johanna Maria Henrietta van Heycop),</subfield>
    <subfield code="d">1892-</subfield>
  </datafield>
  <datafield tag="400" ind1="1" ind2=" ">
    <subfield code="a">Ham-Frowein, J. M. H. van Heycop ten</subfield>
    <subfield code="q">(Johanna Maria Henrietta van Heycop ten),</subfield>
    <subfield code="d">1892-</subfield>
  </datafield>
  <datafield tag="400" ind1="1" ind2=" ">
    <subfield code="a">Frowein, J. M. H. van Heycop ten Ham-</subfield>
    <subfield code="q">(Johanna Maria Henrietta van Heycop ten Ham-),</subfield>
    <subfield code="d">1892-</subfield>
  </datafield>
  <datafield tag="400" ind1="1" ind2=" ">
    <subfield code="a">Van Heycop ten Ham-Frowein, J. M. H.</subfield>
    <subfield code="q">(Johanna Maria Henrietta),</subfield>
    <subfield code="d">1892-</subfield>
  </datafield>
  <datafield tag="670" ind1=" " ind2=" ">
    <subfield code="a">Malle mensen, 1962:</subfield>
    <subfield code="b">title page verso (vertaald door J.M.H. van Heycop ten Ham-Frowein)</subfield>
  </datafield>
  <datafield tag="670" ind1=" " ind2=" ">
    <subfield code="a">OCLC, December 16, 2019</subfield>
    <subfield code="b">(access point: Heycop ten Ham-Frowein, Johanna Maria Henrietta van, 1892- )</subfield>
  </datafield>
</record>