
<record>
  <leader>00685nz  a2200205n  4500</leader>
  <controlfield tag="001">11258198</controlfield>
  <controlfield tag="003">DLC</controlfield>
  <controlfield tag="005">20200104073020.0</controlfield>
  <controlfield tag="008">200103n| azannaabn          |b aaa     c</controlfield>
  <datafield tag="010" ind1=" " ind2=" ">
    <subfield code="a">no2020000468</subfield>
  </datafield>
  <datafield tag="035" ind1=" " ind2=" ">
    <subfield code="a">(OCoLC)oca12668449</subfield>
  </datafield>
  <datafield tag="040" ind1=" " ind2=" ">
    <subfield code="a">NjP</subfield>
    <subfield code="b">eng</subfield>
    <subfield code="e">rda</subfield>
    <subfield code="c">NjP</subfield>
  </datafield>
  <datafield tag="100" ind1="1" ind2=" ">
    <subfield code="a">Fenesh, Ḥaniʼel</subfield>
  </datafield>
  <datafield tag="375" ind1=" " ind2=" ">
    <subfield code="a">Males</subfield>
    <subfield code="2">lcdgt</subfield>
  </datafield>
  <datafield tag="377" ind1=" " ind2=" ">
    <subfield code="a">heb</subfield>
  </datafield>
  <datafield tag="400" ind1="1" ind2=" ">
    <subfield code="a">Panesh, Ḥaniʼel</subfield>
  </datafield>
  <datafield tag="400" ind1="1" ind2=" ">
    <subfield code="a">פנש, חניאל</subfield>
  </datafield>
  <datafield tag="667" ind1=" " ind2=" ">
    <subfield code="a">Non-Latin script reference not evaluated.</subfield>
  </datafield>
  <datafield tag="670" ind1=" " ind2=" ">
    <subfield code="a">Sefer Torat ha-ishah, 2018 or 2019:</subfield>
    <subfield code="b">t.p. (חניאל פנש ס&quot;ט בן ... ר&apos; אשר הי&quot;ו = Ḥaniʼel Fenesh S.ṭ., ben ... R. Asher H.y.ṿ.) t.p. verso (Yerushalayim)</subfield>
  </datafield>
  <datafield tag="675" ind1=" " ind2=" ">
    <subfield code="a">Facebook ;</subfield>
    <subfield code="a">Linkedin</subfield>
  </datafield>
</record>