
<record>
  <leader>01133nz  a2200229n  4500</leader>
  <controlfield tag="001">11258200</controlfield>
  <controlfield tag="003">DLC</controlfield>
  <controlfield tag="005">20200104073020.0</controlfield>
  <controlfield tag="008">200103n| azannaabn          |a ana     c</controlfield>
  <datafield tag="010" ind1=" " ind2=" ">
    <subfield code="a">no2020000470</subfield>
  </datafield>
  <datafield tag="035" ind1=" " ind2=" ">
    <subfield code="a">(OCoLC)oca12668451</subfield>
  </datafield>
  <datafield tag="040" ind1=" " ind2=" ">
    <subfield code="a">UPB-Mu</subfield>
    <subfield code="b">eng</subfield>
    <subfield code="e">rda</subfield>
    <subfield code="c">UPB-Mu</subfield>
  </datafield>
  <datafield tag="046" ind1=" " ind2=" ">
    <subfield code="s">1975</subfield>
    <subfield code="t">2011</subfield>
    <subfield code="2">edtf</subfield>
  </datafield>
  <datafield tag="110" ind1="2" ind2=" ">
    <subfield code="a">Brigham Young University.</subfield>
    <subfield code="b">Dancers&apos; Company</subfield>
  </datafield>
  <datafield tag="368" ind1=" " ind2=" ">
    <subfield code="a">Dance companies</subfield>
    <subfield code="2">lcsh</subfield>
  </datafield>
  <datafield tag="370" ind1=" " ind2=" ">
    <subfield code="e">Provo (Utah)</subfield>
    <subfield code="2">naf</subfield>
  </datafield>
  <datafield tag="372" ind1=" " ind2=" ">
    <subfield code="a">Modern dance</subfield>
    <subfield code="2">lcsh</subfield>
  </datafield>
  <datafield tag="410" ind1="2" ind2=" ">
    <subfield code="a">Brigham Young University.</subfield>
    <subfield code="b">TDC</subfield>
  </datafield>
  <datafield tag="510" ind1="2" ind2=" ">
    <subfield code="w">r</subfield>
    <subfield code="i">Successor:</subfield>
    <subfield code="a">Brigham Young University.</subfield>
    <subfield code="b">Contemporary Dance Theatre</subfield>
  </datafield>
  <datafield tag="670" ind1=" " ind2=" ">
    <subfield code="a">Dance in concert, 2009:</subfield>
    <subfield code="b">title frame (Brigham Young University&apos;s Department of Dance presents; featuring The Dancers&apos; Company)</subfield>
  </datafield>
  <datafield tag="670" ind1=" " ind2=" ">
    <subfield code="a">dance.byu.edu, via WWW, 21 November 2019</subfield>
    <subfield code="b">(Contemporary performing groups; Contemporary Dance Theatre (CDT); since 1975; formerly known as The Dancers&apos; Company)</subfield>
  </datafield>
  <datafield tag="670" ind1=" " ind2=" ">
    <subfield code="a">Email from BYU Dance department chair, Pam Musil, Dec 13, 2019:</subfield>
    <subfield code="b">(The Dancers&apos; Company (TDC), official organization date 1975, organized by Kathie Debenham; name changed to Contemporary Dance Theatre (CDT) in 2011)</subfield>
  </datafield>
</record>