
<record>
  <leader>00994nz  a2200193n  4500</leader>
  <controlfield tag="001">11258201</controlfield>
  <controlfield tag="003">DLC</controlfield>
  <controlfield tag="005">20200104073020.0</controlfield>
  <controlfield tag="008">200102n| azannaabn          |a ana     c</controlfield>
  <datafield tag="010" ind1=" " ind2=" ">
    <subfield code="a">no2020000472</subfield>
  </datafield>
  <datafield tag="035" ind1=" " ind2=" ">
    <subfield code="a">(OCoLC)oca12668453</subfield>
  </datafield>
  <datafield tag="040" ind1=" " ind2=" ">
    <subfield code="a">WaU</subfield>
    <subfield code="b">eng</subfield>
    <subfield code="e">rda</subfield>
    <subfield code="c">WaU</subfield>
  </datafield>
  <datafield tag="110" ind1="2" ind2=" ">
    <subfield code="a">Universitas Medan Area.</subfield>
    <subfield code="b">Program Studi Magister Administrasi Publik</subfield>
  </datafield>
  <datafield tag="368" ind1=" " ind2=" ">
    <subfield code="a">Universities and colleges--Departments</subfield>
    <subfield code="2">lcsh</subfield>
  </datafield>
  <datafield tag="370" ind1=" " ind2=" ">
    <subfield code="e">Medan (Indonesia)</subfield>
    <subfield code="2">naf</subfield>
  </datafield>
  <datafield tag="410" ind1="2" ind2=" ">
    <subfield code="a">Universitas Medan Area.</subfield>
    <subfield code="b">Magister Administrasi Publik</subfield>
  </datafield>
  <datafield tag="410" ind1="2" ind2=" ">
    <subfield code="a">Universitas Medan Area.</subfield>
    <subfield code="b">Program Pascasarjana.</subfield>
    <subfield code="b">Program Studi Magister Administrasi Publik</subfield>
  </datafield>
  <datafield tag="510" ind1="2" ind2=" ">
    <subfield code="w">r</subfield>
    <subfield code="i">Hierarchical superior:</subfield>
    <subfield code="a">Universitas Medan Area.</subfield>
    <subfield code="b">Program Pascasarjana</subfield>
  </datafield>
  <datafield tag="670" ind1=" " ind2=" ">
    <subfield code="a">Jurnal administrasi publik website, January 2, 2020:</subfield>
    <subfield code="b">home page (Program Pascasarjana, Magister Administrasi Publik, Universitas Medan Area; Program Studi Magister Administrasi Publik, Pascasarjana Universitas Medan Area; Kota Medan)</subfield>
    <subfield code="u">http://ojs.uma.ac.id/index.php/adminpublik/index</subfield>
  </datafield>
</record>