
<record>
  <leader>01441nz  a2200241n  4500</leader>
  <controlfield tag="001">11258202</controlfield>
  <controlfield tag="003">DLC</controlfield>
  <controlfield tag="005">20200104073021.0</controlfield>
  <controlfield tag="008">200103n| azannaabn          |n aaa     c</controlfield>
  <datafield tag="010" ind1=" " ind2=" ">
    <subfield code="a">no2020000473</subfield>
  </datafield>
  <datafield tag="035" ind1=" " ind2=" ">
    <subfield code="a">(OCoLC)oca12668454</subfield>
  </datafield>
  <datafield tag="040" ind1=" " ind2=" ">
    <subfield code="a">UkOxU</subfield>
    <subfield code="b">eng</subfield>
    <subfield code="e">rda</subfield>
    <subfield code="c">UkOxU</subfield>
  </datafield>
  <datafield tag="046" ind1=" " ind2=" ">
    <subfield code="f">1933</subfield>
    <subfield code="2">edtf</subfield>
  </datafield>
  <datafield tag="100" ind1="1" ind2=" ">
    <subfield code="a">Scott, Alistair,</subfield>
    <subfield code="d">1933-</subfield>
  </datafield>
  <datafield tag="370" ind1=" " ind2=" ">
    <subfield code="c">Great Britain</subfield>
    <subfield code="c">England</subfield>
    <subfield code="c">Scotland</subfield>
    <subfield code="e">Grange (Edinburgh, Scotland)</subfield>
    <subfield code="2">naf</subfield>
  </datafield>
  <datafield tag="372" ind1=" " ind2=" ">
    <subfield code="a">Forests and forestry</subfield>
    <subfield code="2">lcsh</subfield>
  </datafield>
  <datafield tag="373" ind1=" " ind2=" ">
    <subfield code="a">Great Britain. Forestry Commission</subfield>
    <subfield code="a">Moray Field Club</subfield>
    <subfield code="2">naf</subfield>
  </datafield>
  <datafield tag="374" ind1=" " ind2=" ">
    <subfield code="a">Foresters</subfield>
    <subfield code="2">lcsh</subfield>
  </datafield>
  <datafield tag="375" ind1=" " ind2=" ">
    <subfield code="a">Males</subfield>
    <subfield code="2">lcsh</subfield>
  </datafield>
  <datafield tag="377" ind1=" " ind2=" ">
    <subfield code="a">eng</subfield>
  </datafield>
  <datafield tag="670" ind1=" " ind2=" ">
    <subfield code="a">Trees for the traveller, 1984:</subfield>
    <subfield code="b">title page (Alistair Scott) page 2 (articles from 1981 when he was with the Forestry Commission in Moray and an active member of the Moray Field Club)</subfield>
  </datafield>
  <datafield tag="670" ind1=" " ind2=" ">
    <subfield code="a">Trees in the Grange, 1995:</subfield>
    <subfield code="b">title page (Alistair Scott) page 2 (born in 1933; between forestry studies at Edinburgh University, he worked on Deeside clearing the 1953 windblow, in the backwoods of Norway and on the Dalkeith Estate; a career with the Forestry Commission took him to Dorset, Worcester, Devon, the New Forest, Moray, Wales and Corstorphine where he was Director, Private Forestry and Environment, retiring in 1993; he has lived in the Grange since 1988)</subfield>
  </datafield>
  <datafield tag="670" ind1=" " ind2=" ">
    <subfield code="a">A pleasure in Scottish trees, 2002:</subfield>
    <subfield code="b">title page (Alistair Scott) page 4 of cover (former director of the Forestry Commission; lives in Edinburgh)</subfield>
  </datafield>
</record>