
<record>
  <leader>01010nz  a2200229n  4500</leader>
  <controlfield tag="001">11258207</controlfield>
  <controlfield tag="003">DLC</controlfield>
  <controlfield tag="005">20200104073021.0</controlfield>
  <controlfield tag="008">200103n| azannaabn          |b aaa     c</controlfield>
  <datafield tag="010" ind1=" " ind2=" ">
    <subfield code="a">no2020000478</subfield>
  </datafield>
  <datafield tag="035" ind1=" " ind2=" ">
    <subfield code="a">(OCoLC)oca12668459</subfield>
  </datafield>
  <datafield tag="040" ind1=" " ind2=" ">
    <subfield code="a">NjP</subfield>
    <subfield code="b">eng</subfield>
    <subfield code="e">rda</subfield>
    <subfield code="c">NjP</subfield>
  </datafield>
  <datafield tag="046" ind1=" " ind2=" ">
    <subfield code="f">[1989,1990]</subfield>
    <subfield code="2">edtf</subfield>
  </datafield>
  <datafield tag="100" ind1="1" ind2=" ">
    <subfield code="a">ʻAṣrī Malikī, ʻAsal,</subfield>
    <subfield code="d">1989 or 1990-</subfield>
  </datafield>
  <datafield tag="377" ind1=" " ind2=" ">
    <subfield code="a">per</subfield>
  </datafield>
  <datafield tag="400" ind1="1" ind2=" ">
    <subfield code="a">ʻAṣrī Malakī, ʻAsal,</subfield>
    <subfield code="d">1989 or 1990-</subfield>
  </datafield>
  <datafield tag="400" ind1="1" ind2=" ">
    <subfield code="a">ʻUṣrī Malikī, ʻAsal,</subfield>
    <subfield code="d">1989 or 1990-</subfield>
  </datafield>
  <datafield tag="400" ind1="1" ind2=" ">
    <subfield code="a">عصرى ملکى، عسل،</subfield>
    <subfield code="d">1989 or 1990-</subfield>
  </datafield>
  <datafield tag="400" ind1="1" ind2=" ">
    <subfield code="a">Malakī, ʻAsal ʻAṣrī,</subfield>
    <subfield code="d">1989 or 1990-</subfield>
  </datafield>
  <datafield tag="400" ind1="1" ind2=" ">
    <subfield code="a">ملکى، عسل عصرى،</subfield>
    <subfield code="d">1989 or 1990-</subfield>
  </datafield>
  <datafield tag="667" ind1=" " ind2=" ">
    <subfield code="a">Non-Latin script references not evaluated.</subfield>
  </datafield>
  <datafield tag="670" ind1=" " ind2=" ">
    <subfield code="a">Jāygāh va naqshʹhā-yi zanānah dar majālis-i shabīhʹkhvānī va takht-i ḥawz̤ī (dar sālʹhā-yi 1200-1357 h. sh.), 1396, 2017:</subfield>
    <subfield code="b">title page (عسل عصرى ملکى = ʻAsal ʻAṣrī Malikī) Iranian CIP data (ʻAṣrī Malikī, ʻAsal, 1368 [Sh]-)</subfield>
  </datafield>
</record>