
<record>
  <leader>00846nz  a2200181n  4500</leader>
  <controlfield tag="001">11258211</controlfield>
  <controlfield tag="003">DLC</controlfield>
  <controlfield tag="005">20200104073022.0</controlfield>
  <controlfield tag="008">200103n| azannaabn          |n aaa     c</controlfield>
  <datafield tag="010" ind1=" " ind2=" ">
    <subfield code="a">no2020000484</subfield>
  </datafield>
  <datafield tag="035" ind1=" " ind2=" ">
    <subfield code="a">(OCoLC)oca12668465</subfield>
  </datafield>
  <datafield tag="040" ind1=" " ind2=" ">
    <subfield code="a">IJol</subfield>
    <subfield code="b">eng</subfield>
    <subfield code="e">rda</subfield>
    <subfield code="c">IJol</subfield>
  </datafield>
  <datafield tag="100" ind1="1" ind2=" ">
    <subfield code="a">Jankowski, Stephanie</subfield>
  </datafield>
  <datafield tag="370" ind1=" " ind2=" ">
    <subfield code="e">Pittsburgh (Pa.)</subfield>
    <subfield code="2">naf</subfield>
  </datafield>
  <datafield tag="374" ind1=" " ind2=" ">
    <subfield code="a">Bloggers</subfield>
    <subfield code="2">lcsh</subfield>
  </datafield>
  <datafield tag="374" ind1=" " ind2=" ">
    <subfield code="a">High school teachers</subfield>
    <subfield code="2">lcsh</subfield>
  </datafield>
  <datafield tag="374" ind1=" " ind2=" ">
    <subfield code="a">Authors</subfield>
    <subfield code="2">lcsh</subfield>
  </datafield>
  <datafield tag="670" ind1=" " ind2=" ">
    <subfield code="a">Schooled, 2019: title page (Stephanie Jankowski) back cover (Stephanie Jankowski is the founder of popular parenting and teaching blog When Crazy Meets Exhaustion. A former public school teacher, she is currently a virtual high school English instructor. Her writing is featured on sites such as We Are Teachers, Scary Mommy, BlogHer, Huffington Post and Mamapedia. She lives in Pittsburg, Pennsylvania.)</subfield>
  </datafield>
</record>