
<record>
  <leader>00787nz  a2200193n  4500</leader>
  <controlfield tag="001">11258217</controlfield>
  <controlfield tag="003">DLC</controlfield>
  <controlfield tag="005">20200104073022.0</controlfield>
  <controlfield tag="008">200103n| azannaabn          |a ana     c</controlfield>
  <datafield tag="010" ind1=" " ind2=" ">
    <subfield code="a">no2020000490</subfield>
  </datafield>
  <datafield tag="035" ind1=" " ind2=" ">
    <subfield code="a">(OCoLC)oca12668471</subfield>
  </datafield>
  <datafield tag="040" ind1=" " ind2=" ">
    <subfield code="a">PSt</subfield>
    <subfield code="b">eng</subfield>
    <subfield code="e">rda</subfield>
    <subfield code="c">PSt</subfield>
  </datafield>
  <datafield tag="110" ind1="2" ind2=" ">
    <subfield code="a">Burnett County Resort and Campground Association</subfield>
  </datafield>
  <datafield tag="370" ind1=" " ind2=" ">
    <subfield code="e">Siren (Wis.)</subfield>
    <subfield code="2">naf</subfield>
  </datafield>
  <datafield tag="371" ind1=" " ind2=" ">
    <subfield code="a">P.O. Box 48</subfield>
    <subfield code="b">Siren</subfield>
    <subfield code="c">Wisconsin</subfield>
    <subfield code="e">54872</subfield>
    <subfield code="u">http://bcrca.hypermart.net/</subfield>
  </datafield>
  <datafield tag="372" ind1=" " ind2=" ">
    <subfield code="a">Associations, institutions, etc.</subfield>
    <subfield code="2">lcsh</subfield>
  </datafield>
  <datafield tag="410" ind1="2" ind2=" ">
    <subfield code="a">Burnett County Resort &amp; Campground Association</subfield>
  </datafield>
  <datafield tag="670" ind1=" " ind2=" ">
    <subfield code="a">Welcome to Burnett County, the fishbowl of Wisconsin, 1982:</subfield>
    <subfield code="b">map recto (Burnett County Resort and Campground Association)</subfield>
  </datafield>
  <datafield tag="670" ind1=" " ind2=" ">
    <subfield code="a">BCRCA WWW homepage, viewed Jan. 3, 2020</subfield>
    <subfield code="b">(Burnett County Resort &amp; Campground Association)</subfield>
  </datafield>
</record>