
<record>
  <leader>00995nz  a2200193n  4500</leader>
  <controlfield tag="001">11258221</controlfield>
  <controlfield tag="003">DLC</controlfield>
  <controlfield tag="005">20200104073022.0</controlfield>
  <controlfield tag="008">200103n| azannaabn          |a aaa     c</controlfield>
  <datafield tag="010" ind1=" " ind2=" ">
    <subfield code="a">no2020000495</subfield>
  </datafield>
  <datafield tag="035" ind1=" " ind2=" ">
    <subfield code="a">(OCoLC)oca12668476</subfield>
  </datafield>
  <datafield tag="040" ind1=" " ind2=" ">
    <subfield code="a">MCM</subfield>
    <subfield code="b">eng</subfield>
    <subfield code="e">rda</subfield>
    <subfield code="c">MCM</subfield>
  </datafield>
  <datafield tag="100" ind1="1" ind2=" ">
    <subfield code="a">Deacon, Ryan</subfield>
  </datafield>
  <datafield tag="372" ind1=" " ind2=" ">
    <subfield code="a">Materials--Analysis</subfield>
    <subfield code="2">lcsh</subfield>
  </datafield>
  <datafield tag="373" ind1=" " ind2=" ">
    <subfield code="a">ASM International. Handbook Committee</subfield>
    <subfield code="a">National Institute of Standards and Technology (U.S.)</subfield>
    <subfield code="a">University of Connecticut. School of Engineering</subfield>
    <subfield code="2">naf</subfield>
  </datafield>
  <datafield tag="374" ind1=" " ind2=" ">
    <subfield code="a">Materials scientists</subfield>
    <subfield code="a">College teachers</subfield>
    <subfield code="2">lcsh</subfield>
  </datafield>
  <datafield tag="400" ind1="1" ind2=" ">
    <subfield code="a">Deacon, Ryan M.</subfield>
  </datafield>
  <datafield tag="670" ind1=" " ind2=" ">
    <subfield code="a">Materials characterization, c2019:</subfield>
    <subfield code="b">t.p. (ASM International Handbook Committee, division editors, Ryan Deacon, National Institute of Standards and Technology)</subfield>
  </datafield>
  <datafield tag="670" ind1=" " ind2=" ">
    <subfield code="a">University of Connecticut School of Engineering website, viewed on 2020-01-03:</subfield>
    <subfield code="b">Ryan M Deacon profile page (Ryan M. Deacon, adjunct professor, Department of Materials Science &amp; Engineering)</subfield>
    <subfield code="u">https://mse.engr.uconn.edu/ryan-m-deacon</subfield>
  </datafield>
</record>