
<record>
  <leader>03327nz  a2200313n  4500</leader>
  <controlfield tag="001">11258226</controlfield>
  <controlfield tag="003">DLC</controlfield>
  <controlfield tag="005">20200104073023.0</controlfield>
  <controlfield tag="008">200102n| azannaabn          |a ana     c</controlfield>
  <datafield tag="010" ind1=" " ind2=" ">
    <subfield code="a">no2020000502</subfield>
  </datafield>
  <datafield tag="035" ind1=" " ind2=" ">
    <subfield code="a">(OCoLC)oca12668483</subfield>
  </datafield>
  <datafield tag="040" ind1=" " ind2=" ">
    <subfield code="a">WaPS</subfield>
    <subfield code="b">eng</subfield>
    <subfield code="e">rda</subfield>
    <subfield code="c">WaPS</subfield>
  </datafield>
  <datafield tag="046" ind1=" " ind2=" ">
    <subfield code="s">1905</subfield>
    <subfield code="t">1930</subfield>
    <subfield code="2">edtf</subfield>
  </datafield>
  <datafield tag="110" ind1="2" ind2=" ">
    <subfield code="a">State College of Washington.</subfield>
    <subfield code="b">Department of Mechanical and Electrical Engineering</subfield>
  </datafield>
  <datafield tag="368" ind1=" " ind2=" ">
    <subfield code="a">Universities and colleges--Departments</subfield>
    <subfield code="2">lcsh</subfield>
  </datafield>
  <datafield tag="370" ind1=" " ind2=" ">
    <subfield code="c">United States</subfield>
    <subfield code="e">Pullman (Wash.)</subfield>
    <subfield code="2">naf</subfield>
  </datafield>
  <datafield tag="372" ind1=" " ind2=" ">
    <subfield code="a">Mechanical engineering</subfield>
    <subfield code="a">Electrical engineering</subfield>
    <subfield code="a">Education, Higher</subfield>
    <subfield code="2">lcsh</subfield>
  </datafield>
  <datafield tag="377" ind1=" " ind2=" ">
    <subfield code="a">eng</subfield>
  </datafield>
  <datafield tag="510" ind1="2" ind2=" ">
    <subfield code="w">r</subfield>
    <subfield code="i">Hierarchical superior:</subfield>
    <subfield code="a">State College of Washington</subfield>
  </datafield>
  <datafield tag="510" ind1="2" ind2=" ">
    <subfield code="w">r</subfield>
    <subfield code="i">Predecessor:</subfield>
    <subfield code="a">Agricultural College, Experiment Station, and School of Science of the State of Washington.</subfield>
    <subfield code="b">Department of Mechanical and Electrical Engineering</subfield>
  </datafield>
  <datafield tag="510" ind1="2" ind2=" ">
    <subfield code="w">r</subfield>
    <subfield code="i">product of split:</subfield>
    <subfield code="a">State College of Washington.</subfield>
    <subfield code="b">Department of Mechanical Engineering</subfield>
  </datafield>
  <datafield tag="510" ind1="2" ind2=" ">
    <subfield code="w">r</subfield>
    <subfield code="i">product of split:</subfield>
    <subfield code="a">State College of Washington.</subfield>
    <subfield code="b">Department of Electrical Engineering</subfield>
  </datafield>
  <datafield tag="670" ind1=" " ind2=" ">
    <subfield code="a">Catalogue of the State College of Washington 1905, viewed Dec. 30, 2019:</subfield>
    <subfield code="b">page 76 (Department of Mechanical and Electrical Engineering)</subfield>
    <subfield code="u">http://hdl.handle.net/2376/6570</subfield>
  </datafield>
  <datafield tag="670" ind1=" " ind2=" ">
    <subfield code="a">State College of Washington monthly bulletin, 1931, viewed Dec. 30, 2019:</subfield>
    <subfield code="b">page 74 (Department of Mechanical Engineering) page 84 (Department of Electrical Engineering)</subfield>
    <subfield code="u">http://hdl.handle.net/2376/6541</subfield>
  </datafield>
  <datafield tag="670" ind1=" " ind2=" ">
    <subfield code="a">State College of Washington monthly bulletin, 1930, viewed Dec. 30, 2019:</subfield>
    <subfield code="b">page 146 (Department of Mechanical and Electrical Engineering) http://hdl.handle.net/2376/6539</subfield>
  </datafield>
  <datafield tag="670" ind1=" " ind2=" ">
    <subfield code="a">Washington Agricultural College and School of Science, State College bulletin, May 1903, viewed Jan. 2, 2020:</subfield>
    <subfield code="b">page 67 (Department of Mechanical Engineering)</subfield>
    <subfield code="u">http://hdl.handle.net/2376/6577</subfield>
  </datafield>
  <datafield tag="670" ind1=" " ind2=" ">
    <subfield code="a">Washington Agricultural College and School of Science, State College bulletin, May 1904, viewed Jan. 2, 2020:</subfield>
    <subfield code="b">page 71 (Department of Mechanical and Electrical Engineering)</subfield>
    <subfield code="u">http://hdl.handle.net/2376/6569</subfield>
  </datafield>
  <datafield tag="670" ind1=" " ind2=" ">
    <subfield code="a">Washington State University (website), viewed Dec. 30, 2019:</subfield>
    <subfield code="b">Inspiring Washington, 125 years, and counting (2 March 1905: The state legislature approves changing the name of Washington Agricultural College and School of Science to State College of Washington in recognition of the college&apos;s expanding mission. 1 July 1959: State College of Washington becomes Washington State University. In 1959, the state legislature designated the college full university status.)</subfield>
    <subfield code="u">https://timeline.wsu.edu/</subfield>
  </datafield>
  <datafield tag="670" ind1=" " ind2=" ">
    <subfield code="a">Electrical Engineering Department Records 1945-1974 Finding Aid, viewed September 4, 2019 via Washington State University Libraries, Manuscripts, Archives, and Special Collections website :</subfield>
    <subfield code="b">Organizational history (Electrical engineering courses have been a part of the curriculum at Washington State University since 1892. Courses were offered under the auspices of the Department of Mechanical Engineering. In 1903 the name was changed to the Department of Mechanical and Electrical Engineering and in 1917 this department was incorporated into the College of Mechanical Arts and Engineering. A separate Department of Electrical Engineering was established in 1933.)</subfield>
    <subfield code="u">http://ntserver1.wsulibs.wsu.edu/masc/finders/ua41.htm</subfield>
  </datafield>
</record>