
<record>
  <leader>00380nz  a2200133n  4500</leader>
  <controlfield tag="001">11258227</controlfield>
  <controlfield tag="003">DLC</controlfield>
  <controlfield tag="005">20200104073023.0</controlfield>
  <controlfield tag="008">200103n| azannaabn          |n aaa     c</controlfield>
  <datafield tag="010" ind1=" " ind2=" ">
    <subfield code="a">no2020000503</subfield>
  </datafield>
  <datafield tag="035" ind1=" " ind2=" ">
    <subfield code="a">(OCoLC)oca12668484</subfield>
  </datafield>
  <datafield tag="040" ind1=" " ind2=" ">
    <subfield code="a">NL-AmU</subfield>
    <subfield code="b">eng</subfield>
    <subfield code="e">rda</subfield>
    <subfield code="c">NL-AmU</subfield>
  </datafield>
  <datafield tag="100" ind1="1" ind2=" ">
    <subfield code="a">Karssenberg, Sanne</subfield>
  </datafield>
  <datafield tag="670" ind1=" " ind2=" ">
    <subfield code="a">Pen in the park, [2014]:</subfield>
    <subfield code="b">title page (with illustrations by Sanne Karssenberg)</subfield>
  </datafield>
</record>