
<record>
  <leader>01117nz  a2200229n  4500</leader>
  <controlfield tag="001">11258228</controlfield>
  <controlfield tag="003">DLC</controlfield>
  <controlfield tag="005">20200104073023.0</controlfield>
  <controlfield tag="008">200103n| azannaabn          |a aaa     c</controlfield>
  <datafield tag="010" ind1=" " ind2=" ">
    <subfield code="a">no2020000504</subfield>
  </datafield>
  <datafield tag="035" ind1=" " ind2=" ">
    <subfield code="a">(OCoLC)oca12668485</subfield>
  </datafield>
  <datafield tag="040" ind1=" " ind2=" ">
    <subfield code="a">CSdS</subfield>
    <subfield code="b">eng</subfield>
    <subfield code="e">rda</subfield>
    <subfield code="c">CSdS</subfield>
  </datafield>
  <datafield tag="046" ind1=" " ind2=" ">
    <subfield code="s">1941-09</subfield>
    <subfield code="2">edtf</subfield>
  </datafield>
  <datafield tag="100" ind1="1" ind2=" ">
    <subfield code="a">Dugan, Pat</subfield>
    <subfield code="c">(Fictitious character)</subfield>
  </datafield>
  <datafield tag="368" ind1=" " ind2=" ">
    <subfield code="c">Fictitious characters</subfield>
    <subfield code="2">lcsh</subfield>
  </datafield>
  <datafield tag="375" ind1=" " ind2=" ">
    <subfield code="a">Males</subfield>
    <subfield code="2">lcdgt</subfield>
  </datafield>
  <datafield tag="377" ind1=" " ind2=" ">
    <subfield code="a">eng</subfield>
  </datafield>
  <datafield tag="400" ind1="0" ind2=" ">
    <subfield code="a">Stripesy</subfield>
    <subfield code="c">(Fictitious character)</subfield>
  </datafield>
  <datafield tag="400" ind1="1" ind2=" ">
    <subfield code="a">Dugan, Patrick</subfield>
    <subfield code="c">(Fictitious character)</subfield>
  </datafield>
  <datafield tag="400" ind1="0" ind2=" ">
    <subfield code="a">S.T.R.I.P.E.</subfield>
    <subfield code="c">(Fictitious character)</subfield>
  </datafield>
  <datafield tag="670" ind1=" " ind2=" ">
    <subfield code="a">Wikipedia, viewed November 12, 2019</subfield>
    <subfield code="b">(S.T.R.I.P.E.: Special Tactics Robotic Integrated Power Enhancer is a fictional superhero in the DC Comics Universe; the suit is worn by Patrick &quot;Pat&quot; Dugan; often called Stripesy; created by Jerry Siegel (co-creator of Superman) and Hal Sherman; first appeared in Action Comics #40 in September 1941)</subfield>
  </datafield>
  <datafield tag="670" ind1=" " ind2=" ">
    <subfield code="a">JSA presents Stars and S.T.R.I.P.E., 2007:</subfield>
    <subfield code="b">back cover (Pat Dugan, was once Stripesy, sidekick of The Star-Spangled Kid; creates a new robotic suit called S.T.R.I.P.E.)</subfield>
  </datafield>
</record>