
<record>
  <leader>00746nz  a2200157n  4500</leader>
  <controlfield tag="001">11258231</controlfield>
  <controlfield tag="003">DLC</controlfield>
  <controlfield tag="005">20200104073023.0</controlfield>
  <controlfield tag="008">200103n| azannaabn          |n aaa     c</controlfield>
  <datafield tag="010" ind1=" " ind2=" ">
    <subfield code="a">no2020000507</subfield>
  </datafield>
  <datafield tag="035" ind1=" " ind2=" ">
    <subfield code="a">(OCoLC)oca12668488</subfield>
  </datafield>
  <datafield tag="040" ind1=" " ind2=" ">
    <subfield code="a">MdRoLAC</subfield>
    <subfield code="b">eng</subfield>
    <subfield code="e">rda</subfield>
    <subfield code="c">MdRoLAC</subfield>
  </datafield>
  <datafield tag="100" ind1="1" ind2=" ">
    <subfield code="a">Wang, Chao</subfield>
    <subfield code="c">(Cryogenics expert)</subfield>
  </datafield>
  <datafield tag="373" ind1=" " ind2=" ">
    <subfield code="a">Cryomech</subfield>
    <subfield code="a">Xian&apos;An Jiaotong University</subfield>
  </datafield>
  <datafield tag="373" ind1=" " ind2=" ">
    <subfield code="a">Shanghai ji xie xue yuan</subfield>
    <subfield code="2">naf</subfield>
  </datafield>
  <datafield tag="670" ind1=" " ind2=" ">
    <subfield code="a">Cryogenic engineering and technologies, 2020:</subfield>
    <subfield code="b">eCIP title page (Chao Wang) data view (Dr. Chao Wang has been the director of research and development for Cryomech since 1998. Dr. Wang received his B.S. from Shanghai Institute of Mechanical Engineering in 1985 and M.S. and Ph.D. from Xian&apos;An Jiaotong University in 1990 and 1993)</subfield>
  </datafield>
</record>