
<record>
  <leader>00641nz  a2200169n  4500</leader>
  <controlfield tag="001">11258232</controlfield>
  <controlfield tag="003">DLC</controlfield>
  <controlfield tag="005">20200104073024.0</controlfield>
  <controlfield tag="008">200103n| azannaabn          |n aaa     c</controlfield>
  <datafield tag="010" ind1=" " ind2=" ">
    <subfield code="a">no2020000508</subfield>
  </datafield>
  <datafield tag="035" ind1=" " ind2=" ">
    <subfield code="a">(OCoLC)oca12668489</subfield>
  </datafield>
  <datafield tag="040" ind1=" " ind2=" ">
    <subfield code="a">MsCleD</subfield>
    <subfield code="b">eng</subfield>
    <subfield code="e">rda</subfield>
    <subfield code="c">MsCleD</subfield>
  </datafield>
  <datafield tag="046" ind1=" " ind2=" ">
    <subfield code="f">1929</subfield>
    <subfield code="2">edtf</subfield>
  </datafield>
  <datafield tag="100" ind1="1" ind2=" ">
    <subfield code="a">Schroeter, Louis C.,</subfield>
    <subfield code="d">1929-</subfield>
  </datafield>
  <datafield tag="378" ind1=" " ind2=" ">
    <subfield code="q">Louis Clarence</subfield>
  </datafield>
  <datafield tag="670" ind1=" " ind2=" ">
    <subfield code="a">Organizational élan, ©1970:</subfield>
    <subfield code="b">title page (Louis C. Schroeter)</subfield>
  </datafield>
  <datafield tag="670" ind1=" " ind2=" ">
    <subfield code="a">OCLC, January 3, 2020</subfield>
    <subfield code="b">(access points: Schroeter, Louis C.; Schroeter, Louis C. (Louis Clarence), 1929-; Schroeter, Louis Clarence; Schroeter, Louis Clarence, 1929-; usage: Louis C. Schroeter)</subfield>
  </datafield>
</record>