
<record>
  <leader>01239nz  a2200241n  4500</leader>
  <controlfield tag="001">11258234</controlfield>
  <controlfield tag="003">DLC</controlfield>
  <controlfield tag="005">20200104073024.0</controlfield>
  <controlfield tag="008">200103n| azannaabn          |n aaa     c</controlfield>
  <datafield tag="010" ind1=" " ind2=" ">
    <subfield code="a">no2020000510</subfield>
  </datafield>
  <datafield tag="035" ind1=" " ind2=" ">
    <subfield code="a">(OCoLC)oca12668491</subfield>
  </datafield>
  <datafield tag="040" ind1=" " ind2=" ">
    <subfield code="a">UPB-Mu</subfield>
    <subfield code="b">eng</subfield>
    <subfield code="e">rda</subfield>
    <subfield code="c">UPB-Mu</subfield>
  </datafield>
  <datafield tag="100" ind1="1" ind2=" ">
    <subfield code="a">O&apos;Hare, Kevin</subfield>
    <subfield code="c">(Journalist)</subfield>
  </datafield>
  <datafield tag="370" ind1=" " ind2=" ">
    <subfield code="e">Glasgow (Scotland)</subfield>
    <subfield code="2">naf</subfield>
  </datafield>
  <datafield tag="372" ind1=" " ind2=" ">
    <subfield code="a">Journalism</subfield>
    <subfield code="a">Crime prevention</subfield>
    <subfield code="a">Public relations</subfield>
    <subfield code="2">lcsh</subfield>
  </datafield>
  <datafield tag="373" ind1=" " ind2=" ">
    <subfield code="a">The Herald (Glasgow)</subfield>
  </datafield>
  <datafield tag="373" ind1=" " ind2=" ">
    <subfield code="a">Scottish Crime and Drug Enforcement Agency</subfield>
  </datafield>
  <datafield tag="374" ind1=" " ind2=" ">
    <subfield code="a">Journalists</subfield>
    <subfield code="a">Authors</subfield>
    <subfield code="a">Public relations personnel</subfield>
    <subfield code="2">lcsh</subfield>
  </datafield>
  <datafield tag="375" ind1=" " ind2=" ">
    <subfield code="a">Males</subfield>
    <subfield code="2">lcdgt</subfield>
  </datafield>
  <datafield tag="667" ind1=" " ind2=" ">
    <subfield code="a">Formerly on undifferentiated name record [n  97847261]</subfield>
  </datafield>
  <datafield tag="670" ind1=" " ind2=" ">
    <subfield code="a">The enforcer, 2008:</subfield>
    <subfield code="b">t.p. (Kevin O&apos;Hare)</subfield>
  </datafield>
  <datafield tag="670" ind1=" " ind2=" ">
    <subfield code="a">bookdepository.com, via WWW, 16 November 2019</subfield>
    <subfield code="b">(The enforcer, by Graeme Pearson and Kevin O&apos;Hare, 2008; Kevin O&apos;Hare, worked on Scottish newspapers for 20 years, 15 of which were at The Herald in Glasgow, where he was chief-sub editor; joined the Scottish Crime and Drug Enforcement Agency as Head of Strategic Communications)</subfield>
  </datafield>
  <datafield tag="670" ind1=" " ind2=" ">
    <subfield code="a">LinkedIn, via WWW, 16 November 2019</subfield>
    <subfield code="b">(Kevin O&apos;Hare, Communications and Engagement Specialist, Forensic Services; Scottish Police Authority, Glasgow, UK)</subfield>
  </datafield>
</record>