
<record>
  <leader>00423nz  a2200145n  4500</leader>
  <controlfield tag="001">11258236</controlfield>
  <controlfield tag="003">DLC</controlfield>
  <controlfield tag="005">20200104073024.0</controlfield>
  <controlfield tag="008">200103n| azannaabn          |n aaa     c</controlfield>
  <datafield tag="010" ind1=" " ind2=" ">
    <subfield code="a">no2020000513</subfield>
  </datafield>
  <datafield tag="035" ind1=" " ind2=" ">
    <subfield code="a">(OCoLC)oca12668494</subfield>
  </datafield>
  <datafield tag="040" ind1=" " ind2=" ">
    <subfield code="a">NcD</subfield>
    <subfield code="b">eng</subfield>
    <subfield code="e">rda</subfield>
    <subfield code="c">NcD</subfield>
  </datafield>
  <datafield tag="100" ind1="1" ind2=" ">
    <subfield code="a">Rey, Santiago</subfield>
    <subfield code="c">(Journalist)</subfield>
  </datafield>
  <datafield tag="370" ind1=" " ind2=" ">
    <subfield code="c">Argentina</subfield>
    <subfield code="2">naf</subfield>
  </datafield>
  <datafield tag="670" ind1=" " ind2=" ">
    <subfield code="a">Silenciar la muerte, 2018:</subfield>
    <subfield code="b">title page (Santiago Rey) flap (journalist; from Argentina)</subfield>
  </datafield>
</record>