
<record>
  <leader>00832nz  a2200169n  4500</leader>
  <controlfield tag="001">11258239</controlfield>
  <controlfield tag="003">DLC</controlfield>
  <controlfield tag="005">20200104073025.0</controlfield>
  <controlfield tag="008">200103n| azannaabn          |a ana     c</controlfield>
  <datafield tag="010" ind1=" " ind2=" ">
    <subfield code="a">no2020000516</subfield>
  </datafield>
  <datafield tag="035" ind1=" " ind2=" ">
    <subfield code="a">(OCoLC)oca12668497</subfield>
  </datafield>
  <datafield tag="040" ind1=" " ind2=" ">
    <subfield code="a">NNU-L</subfield>
    <subfield code="b">eng</subfield>
    <subfield code="e">rda</subfield>
    <subfield code="c">NNU-L</subfield>
  </datafield>
  <datafield tag="130" ind1=" " ind2="0">
    <subfield code="a">Atlante di diritto privato comparato.</subfield>
    <subfield code="l">Spanish</subfield>
    <subfield code="s">(Fernández Campos &amp; Verdera Server)</subfield>
  </datafield>
  <datafield tag="377" ind1=" " ind2=" ">
    <subfield code="a">spa</subfield>
  </datafield>
  <datafield tag="500" ind1="1" ind2=" ">
    <subfield code="w">r</subfield>
    <subfield code="i">Translator:</subfield>
    <subfield code="a">Fernández Campos, Juan Antonio</subfield>
  </datafield>
  <datafield tag="500" ind1="1" ind2=" ">
    <subfield code="w">r</subfield>
    <subfield code="i">Translator:</subfield>
    <subfield code="a">Verdera Server, Rafael</subfield>
  </datafield>
  <datafield tag="670" ind1=" " ind2=" ">
    <subfield code="a">Atlante di diritto privato comparato. Spanish (Fernández Campos &amp; Verdera Server). Atlas de derecho privado comparado, 2000:</subfield>
    <subfield code="b">title page (traducción: Juan Antonio Fernández Campos &amp; Rafael Verdera Server) t.p. verso (original title: Atlante di diritto privato comparato; translated from the third Italian edition, 1999)</subfield>
  </datafield>
</record>