
<record>
  <leader>00613nz  a2200181n  4500</leader>
  <controlfield tag="001">11258241</controlfield>
  <controlfield tag="003">DLC</controlfield>
  <controlfield tag="005">20200104073026.0</controlfield>
  <controlfield tag="008">200103n| azannaabn          |a aaa     c</controlfield>
  <datafield tag="010" ind1=" " ind2=" ">
    <subfield code="a">no2020000518</subfield>
  </datafield>
  <datafield tag="035" ind1=" " ind2=" ">
    <subfield code="a">(OCoLC)oca12668499</subfield>
  </datafield>
  <datafield tag="040" ind1=" " ind2=" ">
    <subfield code="a">ICrlF</subfield>
    <subfield code="b">eng</subfield>
    <subfield code="e">rda</subfield>
    <subfield code="c">ICrlF</subfield>
  </datafield>
  <datafield tag="046" ind1=" " ind2=" ">
    <subfield code="k">2018</subfield>
    <subfield code="2">edtf</subfield>
  </datafield>
  <datafield tag="100" ind1="1" ind2=" ">
    <subfield code="a">Adams, Jennifer,</subfield>
    <subfield code="d">1970-</subfield>
    <subfield code="t">I am a warrior goddess.</subfield>
    <subfield code="l">Spanish</subfield>
  </datafield>
  <datafield tag="373" ind1=" " ind2=" ">
    <subfield code="a">Editorial Kairós</subfield>
    <subfield code="2">naf</subfield>
  </datafield>
  <datafield tag="377" ind1=" " ind2=" ">
    <subfield code="a">spa</subfield>
  </datafield>
  <datafield tag="400" ind1="1" ind2=" ">
    <subfield code="a">Adams, Jennifer,</subfield>
    <subfield code="d">1970-</subfield>
    <subfield code="t">Soy una diosa guerrera</subfield>
  </datafield>
  <datafield tag="670" ind1=" " ind2=" ">
    <subfield code="a">Adams, Jennifer. Soy una diosa guerrera, 2018:</subfield>
    <subfield code="b">t.p. (Editorial Kairós) colophon (original title: I am a warrior goddess)</subfield>
  </datafield>
</record>