
<record>
  <leader>01010nz  a2200205n  4500</leader>
  <controlfield tag="001">11258242</controlfield>
  <controlfield tag="003">DLC</controlfield>
  <controlfield tag="005">20200104073026.0</controlfield>
  <controlfield tag="008">200103n| azannaabn          |n aaa     c</controlfield>
  <datafield tag="010" ind1=" " ind2=" ">
    <subfield code="a">no2020000519</subfield>
  </datafield>
  <datafield tag="035" ind1=" " ind2=" ">
    <subfield code="a">(OCoLC)oca12668500</subfield>
  </datafield>
  <datafield tag="040" ind1=" " ind2=" ">
    <subfield code="a">FTaSU</subfield>
    <subfield code="b">eng</subfield>
    <subfield code="e">rda</subfield>
    <subfield code="c">FTaSU</subfield>
  </datafield>
  <datafield tag="046" ind1=" " ind2=" ">
    <subfield code="f">1923-07-01</subfield>
    <subfield code="g">1943-09-22</subfield>
    <subfield code="2">edtf</subfield>
  </datafield>
  <datafield tag="100" ind1="1" ind2=" ">
    <subfield code="a">Gutmann, Charles Emil,</subfield>
    <subfield code="d">1923-1943</subfield>
  </datafield>
  <datafield tag="370" ind1=" " ind2=" ">
    <subfield code="a">New York</subfield>
    <subfield code="b">Texas</subfield>
    <subfield code="c">United States</subfield>
    <subfield code="2">naf</subfield>
  </datafield>
  <datafield tag="372" ind1=" " ind2=" ">
    <subfield code="a">World War, 1939-1945</subfield>
    <subfield code="2">lcsh</subfield>
  </datafield>
  <datafield tag="373" ind1=" " ind2=" ">
    <subfield code="a">United States. Army Air Forces</subfield>
    <subfield code="2">naf</subfield>
  </datafield>
  <datafield tag="375" ind1=" " ind2=" ">
    <subfield code="a">male</subfield>
  </datafield>
  <datafield tag="377" ind1=" " ind2=" ">
    <subfield code="a">eng</subfield>
  </datafield>
  <datafield tag="670" ind1=" " ind2=" ">
    <subfield code="a">Charles Emil Gutmann collection, 1943:</subfield>
    <subfield code="b">Finding Aid-Biographical/Historical Note (Second Lieutenant Charles Emil Gutmann was born on July 1, 1923 in New York ... he entered service in the U.S. Army Air Corps on September 22, 1942 ... Gutmann was killed on September 22, 1943 along with his crew ... during a training accident on a B-17F Flying Fortress which crashed six miles northwest of the Dalhart Army Airfield, Texas)</subfield>
    <subfield code="u">http://purl.fcla.edu/fsu/WWII_19_0015</subfield>
  </datafield>
</record>