
<record>
  <leader>00741nz  a2200193n  4500</leader>
  <controlfield tag="001">11258244</controlfield>
  <controlfield tag="003">DLC</controlfield>
  <controlfield tag="005">20200104073026.0</controlfield>
  <controlfield tag="008">200103n| azannaabn          |n aaa     c</controlfield>
  <datafield tag="010" ind1=" " ind2=" ">
    <subfield code="a">no2020000522</subfield>
  </datafield>
  <datafield tag="035" ind1=" " ind2=" ">
    <subfield code="a">(OCoLC)oca12668503</subfield>
  </datafield>
  <datafield tag="040" ind1=" " ind2=" ">
    <subfield code="a">IEN</subfield>
    <subfield code="b">eng</subfield>
    <subfield code="e">rda</subfield>
    <subfield code="c">IEN</subfield>
  </datafield>
  <datafield tag="046" ind1=" " ind2=" ">
    <subfield code="f">1973-11-22</subfield>
    <subfield code="2">edtf</subfield>
  </datafield>
  <datafield tag="053" ind1=" " ind2="4">
    <subfield code="a">PQ3989.3.N425</subfield>
    <subfield code="5">IEN</subfield>
  </datafield>
  <datafield tag="100" ind1="1" ind2=" ">
    <subfield code="a">Necké, Bernard,</subfield>
    <subfield code="d">1973-</subfield>
  </datafield>
  <datafield tag="370" ind1=" " ind2=" ">
    <subfield code="a">Abidjan (Côte d&apos;Ivoire)</subfield>
    <subfield code="e">San-Pédro (Côte d&apos;Ivoire)</subfield>
    <subfield code="2">naf</subfield>
  </datafield>
  <datafield tag="374" ind1=" " ind2=" ">
    <subfield code="a">Spanish teachers</subfield>
    <subfield code="a">Novelists</subfield>
    <subfield code="2">lcsh</subfield>
  </datafield>
  <datafield tag="375" ind1=" " ind2=" ">
    <subfield code="a">Males</subfield>
    <subfield code="2">lcdgt</subfield>
  </datafield>
  <datafield tag="670" ind1=" " ind2=" ">
    <subfield code="a">La balafrée, 2019:</subfield>
    <subfield code="b">title page (Bernard Necké) back cover (born November 22, 1973 in Abobo, Abidjan; degree from Université de Cocody, École Normale Supérieure d&apos;Abidjan; teaches Spanish in San Pedro; he)</subfield>
  </datafield>
</record>