
<record>
  <leader>00487nz  a2200169n  4500</leader>
  <controlfield tag="001">11258245</controlfield>
  <controlfield tag="003">DLC</controlfield>
  <controlfield tag="005">20200104073026.0</controlfield>
  <controlfield tag="008">200103n| azannaabn          |n aaa      </controlfield>
  <datafield tag="010" ind1=" " ind2=" ">
    <subfield code="a">no2020000523</subfield>
  </datafield>
  <datafield tag="016" ind1=" " ind2=" ">
    <subfield code="a">1032J1553E</subfield>
  </datafield>
  <datafield tag="035" ind1=" " ind2=" ">
    <subfield code="a">(OCoLC)oca12668504</subfield>
  </datafield>
  <datafield tag="040" ind1=" " ind2=" ">
    <subfield code="a">CaOONL</subfield>
    <subfield code="b">eng</subfield>
    <subfield code="e">rda</subfield>
    <subfield code="c">CaOONL</subfield>
  </datafield>
  <datafield tag="042" ind1=" " ind2=" ">
    <subfield code="a">nlc</subfield>
  </datafield>
  <datafield tag="100" ind1="1" ind2=" ">
    <subfield code="a">Gagnon, François</subfield>
    <subfield code="c">(Author)</subfield>
  </datafield>
  <datafield tag="670" ind1=" " ind2=" ">
    <subfield code="a">Terres de Trickster, 2014:</subfield>
    <subfield code="b">title page (François Gagnon)</subfield>
  </datafield>
  <datafield tag="700" ind1="1" ind2="6">
    <subfield code="a">Gagnon, François</subfield>
    <subfield code="c">(Écrivain)</subfield>
    <subfield code="0">(CaOONL)ncf10658831</subfield>
  </datafield>
</record>