
<record>
  <leader>01273nz  a2200241n  4500</leader>
  <controlfield tag="001">11258249</controlfield>
  <controlfield tag="003">DLC</controlfield>
  <controlfield tag="005">20200104073026.0</controlfield>
  <controlfield tag="008">200103n| azannaabn          |a aaa     c</controlfield>
  <datafield tag="010" ind1=" " ind2=" ">
    <subfield code="a">no2020000527</subfield>
  </datafield>
  <datafield tag="035" ind1=" " ind2=" ">
    <subfield code="a">(OCoLC)oca12668508</subfield>
  </datafield>
  <datafield tag="040" ind1=" " ind2=" ">
    <subfield code="a">NN</subfield>
    <subfield code="b">eng</subfield>
    <subfield code="e">rda</subfield>
    <subfield code="c">NN</subfield>
  </datafield>
  <datafield tag="046" ind1=" " ind2=" ">
    <subfield code="f">1994</subfield>
    <subfield code="2">edtf</subfield>
  </datafield>
  <datafield tag="100" ind1="1" ind2=" ">
    <subfield code="a">Baldwin, Graham,</subfield>
    <subfield code="d">1994-</subfield>
  </datafield>
  <datafield tag="370" ind1=" " ind2=" ">
    <subfield code="a">Rome (N.Y.)</subfield>
    <subfield code="2">naf</subfield>
  </datafield>
  <datafield tag="372" ind1=" " ind2=" ">
    <subfield code="a">Art</subfield>
    <subfield code="a">Fashion</subfield>
    <subfield code="2">lcsh</subfield>
  </datafield>
  <datafield tag="374" ind1=" " ind2=" ">
    <subfield code="a">Artists</subfield>
    <subfield code="a">Fashion designers</subfield>
    <subfield code="2">lcsh</subfield>
  </datafield>
  <datafield tag="375" ind1=" " ind2=" ">
    <subfield code="a">Males</subfield>
    <subfield code="2">lcdgt</subfield>
  </datafield>
  <datafield tag="377" ind1=" " ind2=" ">
    <subfield code="a">eng</subfield>
  </datafield>
  <datafield tag="400" ind1="1" ind2=" ">
    <subfield code="a">Baldwin, Graham Tyler,</subfield>
    <subfield code="d">1994-</subfield>
  </datafield>
  <datafield tag="670" ind1=" " ind2=" ">
    <subfield code="a">Baldwin, Graham. The origin of failure, 2020, 2019:</subfield>
    <subfield code="b">panel [2] (Photography and paintings: Graham Baldwin)</subfield>
  </datafield>
  <datafield tag="670" ind1=" " ind2=" ">
    <subfield code="a">Council of Fashion Designers of America website, viewed January 3, 2020 :</subfield>
    <subfield code="b">Graham Baldwin of Graham Tyler (Graham Baldwin was born in Rome, NY in 1994.)</subfield>
    <subfield code="u">https://cfda.com/programs/designers/elaine-gold-launch-pad/designer/graham-baldwin-of-graham-tyler</subfield>
  </datafield>
  <datafield tag="670" ind1=" " ind2=" ">
    <subfield code="a">&quot;Graham Tyler Meditates on Grief.&quot; Paper [website], September 9, 2018</subfield>
    <subfield code="b">(Graham Tyler Baldwin, one of the New York Times&apos; five new designers to watch this season, originally studied sculpture. The label is called Graham Tyler, without the Baldwin.)</subfield>
    <subfield code="u">https://www.papermag.com/graham-tyler-spring-2019-1-2603322950.html?rebelltitem=3#rebelltitem3</subfield>
  </datafield>
</record>