
<record>
  <leader>01281nz  a2200217n  4500</leader>
  <controlfield tag="001">11258251</controlfield>
  <controlfield tag="003">DLC</controlfield>
  <controlfield tag="005">20200104073026.0</controlfield>
  <controlfield tag="008">200103n| azannaabn          |n aaa     c</controlfield>
  <datafield tag="010" ind1=" " ind2=" ">
    <subfield code="a">no2020000529</subfield>
  </datafield>
  <datafield tag="035" ind1=" " ind2=" ">
    <subfield code="a">(OCoLC)oca12668510</subfield>
  </datafield>
  <datafield tag="040" ind1=" " ind2=" ">
    <subfield code="a">ICrlF</subfield>
    <subfield code="b">eng</subfield>
    <subfield code="e">rda</subfield>
    <subfield code="c">ICrlF</subfield>
  </datafield>
  <datafield tag="046" ind1=" " ind2=" ">
    <subfield code="f">1987</subfield>
    <subfield code="2">edtf</subfield>
  </datafield>
  <datafield tag="100" ind1="1" ind2=" ">
    <subfield code="a">Wang, Dian,</subfield>
    <subfield code="d">1987-</subfield>
  </datafield>
  <datafield tag="370" ind1=" " ind2=" ">
    <subfield code="a">Changsha (Hunan Sheng, China)</subfield>
    <subfield code="e">Changsha (Hunan Sheng, China)</subfield>
    <subfield code="e">Stockholm (Sweden)</subfield>
    <subfield code="2">naf</subfield>
  </datafield>
  <datafield tag="372" ind1=" " ind2=" ">
    <subfield code="a">Illustrated children&apos;s books</subfield>
    <subfield code="a">Art--Study and teaching</subfield>
    <subfield code="2">lcsh</subfield>
  </datafield>
  <datafield tag="374" ind1=" " ind2=" ">
    <subfield code="a">Illustrators</subfield>
    <subfield code="a">Art teachers</subfield>
    <subfield code="2">lcsh</subfield>
  </datafield>
  <datafield tag="375" ind1=" " ind2=" ">
    <subfield code="a">Females</subfield>
    <subfield code="2">lcdgt</subfield>
  </datafield>
  <datafield tag="377" ind1=" " ind2=" ">
    <subfield code="a">eng</subfield>
  </datafield>
  <datafield tag="670" ind1=" " ind2=" ">
    <subfield code="a">McLaurin, Patrice. Have you thanked an inventor today?, 2016:</subfield>
    <subfield code="b">title page verso (illustrated by: Dian Wang)</subfield>
  </datafield>
  <datafield tag="670" ind1=" " ind2=" ">
    <subfield code="a">Children&apos;s Illustrators website, viewed Jan. 3, 2020</subfield>
    <subfield code="b">(Dian Wang was born in Changsha, a mid city in China in 1987, where she still lives with her family. She graduated from Communication University of China &amp; Tongji University, and got the Master degree for Animation in 2012. She lived in Stockholm for 1 year from 2012-2013, then back to China. She worked as character designer, and then turned to be professional illustrater, focus on story-book &amp; magazine illustration for children ; She also has a job in Hunan Women University as an art teacher)</subfield>
  </datafield>
</record>