
<record>
  <leader>00909nz  a2200217n  4500</leader>
  <controlfield tag="001">11258252</controlfield>
  <controlfield tag="003">DLC</controlfield>
  <controlfield tag="005">20200104073027.0</controlfield>
  <controlfield tag="008">200103n| azannaabn          |b aaa     c</controlfield>
  <datafield tag="010" ind1=" " ind2=" ">
    <subfield code="a">no2020000530</subfield>
  </datafield>
  <datafield tag="035" ind1=" " ind2=" ">
    <subfield code="a">(OCoLC)oca12668511</subfield>
  </datafield>
  <datafield tag="040" ind1=" " ind2=" ">
    <subfield code="a">InU</subfield>
    <subfield code="b">eng</subfield>
    <subfield code="e">rda</subfield>
    <subfield code="c">InU</subfield>
  </datafield>
  <datafield tag="100" ind1="1" ind2=" ">
    <subfield code="a">Marlowe, Christopher,</subfield>
    <subfield code="d">1564-1593.</subfield>
    <subfield code="t">Doctor Faustus.</subfield>
    <subfield code="l">Russian</subfield>
  </datafield>
  <datafield tag="377" ind1=" " ind2=" ">
    <subfield code="a">rus</subfield>
  </datafield>
  <datafield tag="380" ind1=" " ind2=" ">
    <subfield code="a">Drama</subfield>
    <subfield code="2">lcgft</subfield>
  </datafield>
  <datafield tag="381" ind1=" " ind2=" ">
    <subfield code="a">Translations</subfield>
    <subfield code="2">lcsh</subfield>
  </datafield>
  <datafield tag="400" ind1="1" ind2=" ">
    <subfield code="a">Marlowe, Christopher,</subfield>
    <subfield code="d">1564-1593.</subfield>
    <subfield code="t">Tragicheskai︠a︡ istorii︠a︡ Doktora Fausta</subfield>
  </datafield>
  <datafield tag="400" ind1="1" ind2=" ">
    <subfield code="a">Marlowe, Christopher,</subfield>
    <subfield code="d">1564-1593.</subfield>
    <subfield code="t">Трагическая история Доктора Фауста</subfield>
  </datafield>
  <datafield tag="500" ind1="1" ind2=" ">
    <subfield code="w">r</subfield>
    <subfield code="i">Translator:</subfield>
    <subfield code="a">Balʹmont, Konstantin Dmitrievich,</subfield>
    <subfield code="d">1867-1942</subfield>
  </datafield>
  <datafield tag="667" ind1=" " ind2=" ">
    <subfield code="a">Non-Latin script reference not evaluated.</subfield>
  </datafield>
  <datafield tag="670" ind1=" " ind2=" ">
    <subfield code="a">Angliĭskiĭ triptikh Konstantina Balʹmonta, 2017:</subfield>
    <subfield code="b">title page (Kristofer Marlo. Tragicheskai︠a︡ istorii︠a︡ Doktora Fausta)</subfield>
  </datafield>
</record>