
<record>
  <leader>00814nz  a2200157n  4500</leader>
  <controlfield tag="001">11258255</controlfield>
  <controlfield tag="003">DLC</controlfield>
  <controlfield tag="005">20200104073027.0</controlfield>
  <controlfield tag="008">200103n| azannaabn          |n ana     c</controlfield>
  <datafield tag="010" ind1=" " ind2=" ">
    <subfield code="a">no2020000535</subfield>
  </datafield>
  <datafield tag="035" ind1=" " ind2=" ">
    <subfield code="a">(OCoLC)oca12668516</subfield>
  </datafield>
  <datafield tag="040" ind1=" " ind2=" ">
    <subfield code="a">GaAaGPL</subfield>
    <subfield code="b">eng</subfield>
    <subfield code="e">rda</subfield>
    <subfield code="c">GaAaGPL</subfield>
  </datafield>
  <datafield tag="110" ind1="2" ind2=" ">
    <subfield code="a">Fort Gaines Historical Scoiety, Inc.</subfield>
  </datafield>
  <datafield tag="370" ind1=" " ind2=" ">
    <subfield code="c">United States</subfield>
    <subfield code="e">Fort Gaines (Ga.)</subfield>
    <subfield code="2">naf</subfield>
  </datafield>
  <datafield tag="372" ind1=" " ind2=" ">
    <subfield code="a">History, Local</subfield>
    <subfield code="a">Community cookbooks</subfield>
    <subfield code="2">lcsh</subfield>
  </datafield>
  <datafield tag="670" ind1=" " ind2=" ">
    <subfield code="a">Clay County cooking : a collection of recipes compiled Fort Gaines Historical Society, Inc., ©2010:</subfield>
    <subfield code="b">title page (Fort Gaines Historical Society, Inc. P.O. Box 825, Fort Gaines, GA 39851) page 2 (The purpose of the Fort Gaines Historical Society is to preserve, protect, and promote the history of Fort Gaines, Clay County, and the southwest Georgia and southeast Alabama regions)</subfield>
  </datafield>
</record>