
<record>
  <leader>00799nz  a2200193n  4500</leader>
  <controlfield tag="001">11258258</controlfield>
  <controlfield tag="003">DLC</controlfield>
  <controlfield tag="005">20200104073027.0</controlfield>
  <controlfield tag="008">200103n| azannaabn          |n aaa     c</controlfield>
  <datafield tag="010" ind1=" " ind2=" ">
    <subfield code="a">no2020000538</subfield>
  </datafield>
  <datafield tag="035" ind1=" " ind2=" ">
    <subfield code="a">(OCoLC)oca12668519</subfield>
  </datafield>
  <datafield tag="040" ind1=" " ind2=" ">
    <subfield code="a">DGU</subfield>
    <subfield code="b">eng</subfield>
    <subfield code="e">rda</subfield>
    <subfield code="c">DGU</subfield>
  </datafield>
  <datafield tag="046" ind1=" " ind2=" ">
    <subfield code="f">1896-01-31</subfield>
    <subfield code="g">1954-04-27</subfield>
    <subfield code="2">edtf</subfield>
  </datafield>
  <datafield tag="100" ind1="1" ind2=" ">
    <subfield code="a">Berque, Jean,</subfield>
    <subfield code="d">1896-1954</subfield>
  </datafield>
  <datafield tag="370" ind1=" " ind2=" ">
    <subfield code="a">Reims (France)</subfield>
    <subfield code="b">Paris (France)</subfield>
    <subfield code="2">naf</subfield>
  </datafield>
  <datafield tag="374" ind1=" " ind2=" ">
    <subfield code="a">Painters</subfield>
    <subfield code="a">Engravers</subfield>
    <subfield code="a">Illustrators</subfield>
    <subfield code="2">lcsh</subfield>
  </datafield>
  <datafield tag="375" ind1=" " ind2=" ">
    <subfield code="a">Males</subfield>
    <subfield code="2">lcdgt</subfield>
  </datafield>
  <datafield tag="670" ind1=" " ind2=" ">
    <subfield code="a">Apocalypse de Saint Jean, 1938:</subfield>
    <subfield code="b">colophon (Jean Berque, peintre et graveur)</subfield>
  </datafield>
  <datafield tag="670" ind1=" " ind2=" ">
    <subfield code="a">BNF, January 3, 2020:</subfield>
    <subfield code="b">(heading: Berque, Jean (1896-1954); masculin; peintre, illustrateur, décorateur de théâtre; naissance: 1896-01-31, Reims; mort: 1954-04-27, Paris)</subfield>
    <subfield code="u">http://catalogue.bnf.fr/ark:/12148/cb15071545w</subfield>
  </datafield>
</record>