
<record>
  <leader>00554nz  a2200145n  4500</leader>
  <controlfield tag="001">11258259</controlfield>
  <controlfield tag="003">DLC</controlfield>
  <controlfield tag="005">20200104073027.0</controlfield>
  <controlfield tag="008">200103n| azannaabn          |n ana     c</controlfield>
  <datafield tag="010" ind1=" " ind2=" ">
    <subfield code="a">no2020000539</subfield>
  </datafield>
  <datafield tag="035" ind1=" " ind2=" ">
    <subfield code="a">(OCoLC)oca12668520</subfield>
  </datafield>
  <datafield tag="040" ind1=" " ind2=" ">
    <subfield code="a">IEN</subfield>
    <subfield code="b">eng</subfield>
    <subfield code="e">rda</subfield>
    <subfield code="c">IEN</subfield>
  </datafield>
  <datafield tag="110" ind1="2" ind2=" ">
    <subfield code="a">Human Sciences Research Council.</subfield>
    <subfield code="b">Education and Skills Development Research Programme</subfield>
  </datafield>
  <datafield tag="370" ind1=" " ind2=" ">
    <subfield code="c">South Africa</subfield>
    <subfield code="2">naf</subfield>
  </datafield>
  <datafield tag="670" ind1=" " ind2=" ">
    <subfield code="a">Public perceptions of biotechnology in South Africa, 2016:</subfield>
    <subfield code="b">title page (Education and Skills Development Research Programme, Human Sciences Research Council)</subfield>
  </datafield>
</record>