
<record>
  <leader>00669nz  a2200181n  4500</leader>
  <controlfield tag="001">11258260</controlfield>
  <controlfield tag="003">DLC</controlfield>
  <controlfield tag="005">20200104073027.0</controlfield>
  <controlfield tag="008">200103n| azannaabn          |a aaa     c</controlfield>
  <datafield tag="010" ind1=" " ind2=" ">
    <subfield code="a">no2020000540</subfield>
  </datafield>
  <datafield tag="035" ind1=" " ind2=" ">
    <subfield code="a">(OCoLC)oca12668521</subfield>
  </datafield>
  <datafield tag="040" ind1=" " ind2=" ">
    <subfield code="a">ICrlF</subfield>
    <subfield code="b">eng</subfield>
    <subfield code="e">rda</subfield>
    <subfield code="c">ICrlF</subfield>
  </datafield>
  <datafield tag="046" ind1=" " ind2=" ">
    <subfield code="k">2020</subfield>
    <subfield code="2">edtf</subfield>
  </datafield>
  <datafield tag="100" ind1="0" ind2=" ">
    <subfield code="a">Ankh.</subfield>
    <subfield code="t">Coco le crocodile.</subfield>
    <subfield code="l">English</subfield>
  </datafield>
  <datafield tag="373" ind1=" " ind2=" ">
    <subfield code="a">Picture Window Books (Firm)</subfield>
    <subfield code="2">naf</subfield>
  </datafield>
  <datafield tag="400" ind1="0" ind2=" ">
    <subfield code="a">Ankh.</subfield>
    <subfield code="t">Coco the Crocodile</subfield>
  </datafield>
  <datafield tag="670" ind1=" " ind2=" ">
    <subfield code="a">Ankh. Coco the Crocodile, 2020:</subfield>
    <subfield code="b">t.p. (Picture Window Books, a Capstone imprint) t.p. verso (First published in Spain in 2012 by Bang Ediciones)</subfield>
  </datafield>
  <datafield tag="670" ind1=" " ind2=" ">
    <subfield code="a">OCLC viewed Jan. 3, 2020</subfield>
    <subfield code="b">(Coco le crocodile / Ankh ; Bang Editions, 2012)</subfield>
  </datafield>
</record>