
<record>
  <leader>01277nz  a2200253n  4500</leader>
  <controlfield tag="001">11258262</controlfield>
  <controlfield tag="003">DLC</controlfield>
  <controlfield tag="005">20200104073028.0</controlfield>
  <controlfield tag="008">200102n| azannaabn          |a aaa     c</controlfield>
  <datafield tag="010" ind1=" " ind2=" ">
    <subfield code="a">no2020000543</subfield>
  </datafield>
  <datafield tag="035" ind1=" " ind2=" ">
    <subfield code="a">(OCoLC)oca12668524</subfield>
  </datafield>
  <datafield tag="040" ind1=" " ind2=" ">
    <subfield code="a">UPB</subfield>
    <subfield code="b">eng</subfield>
    <subfield code="e">rda</subfield>
    <subfield code="c">UPB</subfield>
  </datafield>
  <datafield tag="046" ind1=" " ind2=" ">
    <subfield code="f">1981</subfield>
    <subfield code="2">edtf</subfield>
  </datafield>
  <datafield tag="100" ind1="1" ind2=" ">
    <subfield code="a">Sartogo, Martina Mondadori,</subfield>
    <subfield code="d">1981-</subfield>
  </datafield>
  <datafield tag="370" ind1=" " ind2=" ">
    <subfield code="a">Milan (Italy)</subfield>
    <subfield code="e">London (England)</subfield>
    <subfield code="e">Milan (Italy)</subfield>
    <subfield code="2">naf</subfield>
  </datafield>
  <datafield tag="372" ind1=" " ind2=" ">
    <subfield code="a">Philosophy</subfield>
    <subfield code="a">Art</subfield>
    <subfield code="a">Decorative arts</subfield>
    <subfield code="a">Workmanship</subfield>
    <subfield code="2">lcsh</subfield>
  </datafield>
  <datafield tag="373" ind1=" " ind2=" ">
    <subfield code="a">Università di Milano</subfield>
    <subfield code="2">naf</subfield>
  </datafield>
  <datafield tag="374" ind1=" " ind2=" ">
    <subfield code="a">Periodical editors</subfield>
    <subfield code="2">lcdgt</subfield>
  </datafield>
  <datafield tag="375" ind1=" " ind2=" ">
    <subfield code="a">Females</subfield>
    <subfield code="2">lcdgt</subfield>
  </datafield>
  <datafield tag="377" ind1=" " ind2=" ">
    <subfield code="a">eng</subfield>
  </datafield>
  <datafield tag="400" ind1="1" ind2=" ">
    <subfield code="a">Mondadori Sartogo, Martina,</subfield>
    <subfield code="d">1981-</subfield>
  </datafield>
  <datafield tag="400" ind1="1" ind2=" ">
    <subfield code="a">Mondadori, Martina,</subfield>
    <subfield code="d">1981-</subfield>
  </datafield>
  <datafield tag="670" ind1=" " ind2=" ">
    <subfield code="a">The interiors and architecture of Renzo Mongiardino, 2017:</subfield>
    <subfield code="b">title page (Martina Mondadori Sartogo) jacket flap (cofounder and editor-in-chief of Cabana magazine; divides her time between London and Milan)</subfield>
  </datafield>
  <datafield tag="670" ind1=" " ind2=" ">
    <subfield code="a">buildinginnovations.dupont.com, website viewed December 23, 2019</subfield>
    <subfield code="b">(Martina Mondadori Sartogo; Martina Mondadori; born 1981 in Milan; graduated in philosophy, Università di Milano; Cabana&apos;s editor-in-chief; special interests focus on the visual arts, in particular for Italian and central European decorative arts and craftsmanship; lives in London)</subfield>
  </datafield>
</record>