
<record>
  <leader>03054nz  a2200301n  4500</leader>
  <controlfield tag="001">11258263</controlfield>
  <controlfield tag="003">DLC</controlfield>
  <controlfield tag="005">20200104073028.0</controlfield>
  <controlfield tag="008">200102n| azannaabn          |a ana     c</controlfield>
  <datafield tag="010" ind1=" " ind2=" ">
    <subfield code="a">no2020000544</subfield>
  </datafield>
  <datafield tag="035" ind1=" " ind2=" ">
    <subfield code="a">(OCoLC)oca12668525</subfield>
  </datafield>
  <datafield tag="040" ind1=" " ind2=" ">
    <subfield code="a">WaPS</subfield>
    <subfield code="b">eng</subfield>
    <subfield code="e">rda</subfield>
    <subfield code="c">WaPS</subfield>
  </datafield>
  <datafield tag="046" ind1=" " ind2=" ">
    <subfield code="s">1931</subfield>
    <subfield code="t">1959-06-30</subfield>
    <subfield code="2">edtf</subfield>
  </datafield>
  <datafield tag="110" ind1="2" ind2=" ">
    <subfield code="a">State College of Washington.</subfield>
    <subfield code="b">Department of Electrical Engineering</subfield>
  </datafield>
  <datafield tag="368" ind1=" " ind2=" ">
    <subfield code="a">Universities and colleges--Departments</subfield>
    <subfield code="2">lcsh</subfield>
  </datafield>
  <datafield tag="370" ind1=" " ind2=" ">
    <subfield code="c">United States</subfield>
    <subfield code="e">Pullman (Wash.)</subfield>
    <subfield code="2">naf</subfield>
  </datafield>
  <datafield tag="372" ind1=" " ind2=" ">
    <subfield code="a">Electrical engineering</subfield>
    <subfield code="a">Education, Higher</subfield>
    <subfield code="2">lcsh</subfield>
  </datafield>
  <datafield tag="377" ind1=" " ind2=" ">
    <subfield code="a">eng</subfield>
  </datafield>
  <datafield tag="510" ind1="2" ind2=" ">
    <subfield code="w">r</subfield>
    <subfield code="i">Hierarchical superior:</subfield>
    <subfield code="a">State College of Washington</subfield>
  </datafield>
  <datafield tag="510" ind1="2" ind2=" ">
    <subfield code="w">r</subfield>
    <subfield code="i">predecessor of split:</subfield>
    <subfield code="a">State College of Washington.</subfield>
    <subfield code="b">Department of Mechanical and Electrical Engineering</subfield>
  </datafield>
  <datafield tag="510" ind1="2" ind2=" ">
    <subfield code="w">r</subfield>
    <subfield code="i">Successor:</subfield>
    <subfield code="a">Washington State University.</subfield>
    <subfield code="b">Department of Electrical Engineering</subfield>
  </datafield>
  <datafield tag="670" ind1=" " ind2=" ">
    <subfield code="a">Electrical Engineering Department Records 1945-1974 Finding Aid, viewed September 4, 2019 via Washington State University Libraries, Manuscripts, Archives, and Special Collections website :</subfield>
    <subfield code="b">Organizational history (Electrical engineering courses have been a part of the curriculum at Washington State University since 1892. Courses were offered under the auspices of the Department of Mechanical Engineering. In 1903 the name was changed to the Department of Mechanical and Electrical Engineering and in 1917 this department was incorporated into the College of Mechanical Arts and Engineering. A separate Department of Electrical Engineering was established in 1933.)</subfield>
    <subfield code="u">http://ntserver1.wsulibs.wsu.edu/masc/finders/ua41.htm</subfield>
  </datafield>
  <datafield tag="670" ind1=" " ind2=" ">
    <subfield code="a">State College of Washington monthly bulletin, 1931, viewed Dec. 30, 2019:</subfield>
    <subfield code="b">page 74 (Department of Mechanical Engineering) page 84 (Department of Electrical Engineering)</subfield>
    <subfield code="u">http://hdl.handle.net/2376/6541</subfield>
  </datafield>
  <datafield tag="670" ind1=" " ind2=" ">
    <subfield code="a">State College of Washington monthly bulletin, 1930, viewed Dec. 30, 2019:</subfield>
    <subfield code="b">page 146 (Department of Mechanical and Electrical Engineering) http://hdl.handle.net/2376/6539</subfield>
  </datafield>
  <datafield tag="670" ind1=" " ind2=" ">
    <subfield code="a">State College of Washington semimonthly bulletin, 1942, viewed Dec. 30, 2019:</subfield>
    <subfield code="b">page 146 (Department of Electrical Engineering)</subfield>
    <subfield code="u">http://hdl.handle.net/2376/6547</subfield>
  </datafield>
  <datafield tag="670" ind1=" " ind2=" ">
    <subfield code="a">State College of Washington catalog, 1958-59, 1959-60, viewed Dec. 30, 2019:</subfield>
    <subfield code="b">page 89 (Department of Electrical Engineering)</subfield>
    <subfield code="u">http://hdl.handle.net/2376/5786</subfield>
  </datafield>
  <datafield tag="670" ind1=" " ind2=" ">
    <subfield code="a">Washington State University bulletin, catalog issue 1960-61, 1961-62, viewed Dec. 30, 2019:</subfield>
    <subfield code="b">page 112 (Department of Electrical Engineering)</subfield>
    <subfield code="u">http://hdl.handle.net/2376/5787</subfield>
  </datafield>
  <datafield tag="670" ind1=" " ind2=" ">
    <subfield code="a">Washington State University (website), viewed Dec. 30, 2019:</subfield>
    <subfield code="b">Inspiring Washington, 125 years, and counting (2 March 1905: The state legislature approves changing the name of Washington Agricultural College and School of Science to State College of Washington in recognition of the college&apos;s expanding mission. 1 July 1959: State College of Washington becomes Washington State University. In 1959, the state legislature designated the college full university status.)</subfield>
    <subfield code="u">https://timeline.wsu.edu/</subfield>
  </datafield>
</record>