
<record>
  <leader>01749nz  a2200265n  4500</leader>
  <controlfield tag="001">11258265</controlfield>
  <controlfield tag="003">DLC</controlfield>
  <controlfield tag="005">20200104073028.0</controlfield>
  <controlfield tag="008">200103n| azannaabn          |n aaa     c</controlfield>
  <datafield tag="010" ind1=" " ind2=" ">
    <subfield code="a">no2020000546</subfield>
  </datafield>
  <datafield tag="035" ind1=" " ind2=" ">
    <subfield code="a">(OCoLC)oca12668527</subfield>
  </datafield>
  <datafield tag="040" ind1=" " ind2=" ">
    <subfield code="a">ScU</subfield>
    <subfield code="b">eng</subfield>
    <subfield code="e">rda</subfield>
    <subfield code="c">ScU</subfield>
  </datafield>
  <datafield tag="046" ind1=" " ind2=" ">
    <subfield code="f">1981</subfield>
    <subfield code="2">edtf</subfield>
  </datafield>
  <datafield tag="100" ind1="1" ind2=" ">
    <subfield code="a">Booth, Eric G.,</subfield>
    <subfield code="d">1981-</subfield>
  </datafield>
  <datafield tag="370" ind1=" " ind2=" ">
    <subfield code="c">Madison (Wis.)</subfield>
    <subfield code="2">naf</subfield>
  </datafield>
  <datafield tag="371" ind1=" " ind2=" ">
    <subfield code="m">egbooth@wisc.edu</subfield>
  </datafield>
  <datafield tag="372" ind1=" " ind2=" ">
    <subfield code="a">Limnology</subfield>
    <subfield code="2">lcsh</subfield>
  </datafield>
  <datafield tag="373" ind1=" " ind2=" ">
    <subfield code="a">University of Wisconsin--Madison</subfield>
    <subfield code="2">naf</subfield>
  </datafield>
  <datafield tag="373" ind1=" " ind2=" ">
    <subfield code="a">University of California, Davis</subfield>
    <subfield code="2">naf</subfield>
  </datafield>
  <datafield tag="375" ind1=" " ind2=" ">
    <subfield code="a">Males</subfield>
    <subfield code="2">lcdgt</subfield>
  </datafield>
  <datafield tag="377" ind1=" " ind2=" ">
    <subfield code="a">eng</subfield>
  </datafield>
  <datafield tag="378" ind1=" " ind2=" ">
    <subfield code="q">Eric Glenn</subfield>
  </datafield>
  <datafield tag="670" ind1=" " ind2=" ">
    <subfield code="a">Multispecies and watershed approaches to freshwater fish conservation, 2019:</subfield>
    <subfield code="b">page vi (Eric G. Booth) page 367 (Department of Civil &amp; Environmental Engineering and Agronomy, University of Wisconsin-Madison, Madison, Wisconsin)</subfield>
  </datafield>
  <datafield tag="670" ind1=" " ind2=" ">
    <subfield code="a">OCLC, November 25, 2019:</subfield>
    <subfield code="b">(hdg.: Booth, Eric Glenn, 1981- ; usage: Eric G. Booth, Eric Glenn Booth ; Ph. D. University of Wisconsin--Madison 2011 ; M.S. University of California, Davis 2006)</subfield>
  </datafield>
  <datafield tag="670" ind1=" " ind2=" ">
    <subfield code="a">University of Wisconsin--Madison web site, December 23, 2019:</subfield>
    <subfield code="b">(Eric Booth, Assistant Research Scientist ; egbooth@wisc.edu ; Booth&apos;s research interests cut across many disciplines, with water as a centerpiece; these include hydroecology, impacts of climate and land-use change, urban stormwater management, wetland/stream restoration, water quality, groundwater hydrology, fluvial geomorphology, environmental history, agroecology, remote sensing, and numerical modeling. ; Booth holds a B.S. in Environmental Engineering from UW-Madison (2004), an M.S. in Hydrologic Science from UC-Davis (2006), and a Ph.D. in Limnology from UW-Madison (2011).)</subfield>
    <subfield code="u">https://wsc.limnology.wisc.edu/node/17</subfield>
  </datafield>
</record>