
<record>
  <leader>00449nz  a2200133n  4500</leader>
  <controlfield tag="001">11258266</controlfield>
  <controlfield tag="003">DLC</controlfield>
  <controlfield tag="005">20200104073028.0</controlfield>
  <controlfield tag="008">200103n| azannaabn          |n ana     c</controlfield>
  <datafield tag="010" ind1=" " ind2=" ">
    <subfield code="a">no2020000547</subfield>
  </datafield>
  <datafield tag="035" ind1=" " ind2=" ">
    <subfield code="a">(OCoLC)oca12668528</subfield>
  </datafield>
  <datafield tag="040" ind1=" " ind2=" ">
    <subfield code="a">InU</subfield>
    <subfield code="b">eng</subfield>
    <subfield code="e">rda</subfield>
    <subfield code="c">InU</subfield>
  </datafield>
  <datafield tag="110" ind1="1" ind2=" ">
    <subfield code="a">Colombia.</subfield>
    <subfield code="b">Junta de Conversión</subfield>
  </datafield>
  <datafield tag="670" ind1=" " ind2=" ">
    <subfield code="a">Colombia. Junta de Conversión. Informe de la Junta de Conversión al Congreso Nacional de ..., 1907:</subfield>
    <subfield code="b">title page (Junta de Conversión)</subfield>
  </datafield>
</record>