
<record>
  <leader>00629nz  a2200181n  4500</leader>
  <controlfield tag="001">11258270</controlfield>
  <controlfield tag="003">DLC</controlfield>
  <controlfield tag="005">20200104073029.0</controlfield>
  <controlfield tag="008">200103n| azannaabn          |n aaa     c</controlfield>
  <datafield tag="010" ind1=" " ind2=" ">
    <subfield code="a">no2020000551</subfield>
  </datafield>
  <datafield tag="035" ind1=" " ind2=" ">
    <subfield code="a">(OCoLC)oca12668532</subfield>
  </datafield>
  <datafield tag="040" ind1=" " ind2=" ">
    <subfield code="a">NNC</subfield>
    <subfield code="b">eng</subfield>
    <subfield code="e">rda</subfield>
    <subfield code="c">NNC</subfield>
  </datafield>
  <datafield tag="046" ind1=" " ind2=" ">
    <subfield code="f">1975-12-09</subfield>
    <subfield code="2">edtf</subfield>
  </datafield>
  <datafield tag="100" ind1="1" ind2=" ">
    <subfield code="a">Plaku, Fation,</subfield>
    <subfield code="d">1975-</subfield>
  </datafield>
  <datafield tag="370" ind1=" " ind2=" ">
    <subfield code="a">Tirana (Albania)</subfield>
    <subfield code="2">naf</subfield>
  </datafield>
  <datafield tag="372" ind1=" " ind2=" ">
    <subfield code="a">Photography</subfield>
    <subfield code="a">Mountaineering</subfield>
    <subfield code="2">lcsh</subfield>
  </datafield>
  <datafield tag="374" ind1=" " ind2=" ">
    <subfield code="a">Photographers</subfield>
    <subfield code="a">Mountaineers</subfield>
    <subfield code="2">lcsh</subfield>
  </datafield>
  <datafield tag="670" ind1=" " ind2=" ">
    <subfield code="a">Homeland, 2018:</subfield>
    <subfield code="b">title page (Fation Plaku) page 4 of cover (photographer; born December 9, 1975 in Tirana; works in the US Embassy in Tirana; mountain climber)</subfield>
  </datafield>
</record>