
<record>
  <leader>00571nz  a2200169n  4500</leader>
  <controlfield tag="001">11258273</controlfield>
  <controlfield tag="003">DLC</controlfield>
  <controlfield tag="005">20200104073029.0</controlfield>
  <controlfield tag="008">200103n| azannaabn          |n aaa     c</controlfield>
  <datafield tag="010" ind1=" " ind2=" ">
    <subfield code="a">no2020000554</subfield>
  </datafield>
  <datafield tag="035" ind1=" " ind2=" ">
    <subfield code="a">(OCoLC)oca12668535</subfield>
  </datafield>
  <datafield tag="040" ind1=" " ind2=" ">
    <subfield code="a">InNd</subfield>
    <subfield code="b">eng</subfield>
    <subfield code="e">rda</subfield>
    <subfield code="c">InNd</subfield>
  </datafield>
  <datafield tag="100" ind1="1" ind2=" ">
    <subfield code="a">Tlatenchi, Antonio</subfield>
  </datafield>
  <datafield tag="373" ind1=" " ind2=" ">
    <subfield code="a">University of Notre Dame</subfield>
  </datafield>
  <datafield tag="375" ind1=" " ind2=" ">
    <subfield code="a">male</subfield>
  </datafield>
  <datafield tag="377" ind1=" " ind2=" ">
    <subfield code="a">eng</subfield>
  </datafield>
  <datafield tag="670" ind1=" " ind2=" ">
    <subfield code="a">Tlatenchi, Antonio. Sex differences in episodic memory perfromance, 2019:</subfield>
    <subfield code="b">title page (Antonio Tlatenchi; M.A. candidate, University of Notre Dame) copyright page (Antonio Martinez Tlatenchi)</subfield>
  </datafield>
</record>