
<record>
  <leader>00509nz  a2200157n  4500</leader>
  <controlfield tag="001">11258274</controlfield>
  <controlfield tag="003">DLC</controlfield>
  <controlfield tag="005">20200104073029.0</controlfield>
  <controlfield tag="008">200103n| azannaabn          |n aaa     c</controlfield>
  <datafield tag="010" ind1=" " ind2=" ">
    <subfield code="a">no2020000555</subfield>
  </datafield>
  <datafield tag="035" ind1=" " ind2=" ">
    <subfield code="a">(OCoLC)oca12668536</subfield>
  </datafield>
  <datafield tag="040" ind1=" " ind2=" ">
    <subfield code="a">IEN</subfield>
    <subfield code="b">eng</subfield>
    <subfield code="e">rda</subfield>
    <subfield code="c">IEN</subfield>
  </datafield>
  <datafield tag="046" ind1=" " ind2=" ">
    <subfield code="f">1947</subfield>
    <subfield code="2">edtf</subfield>
  </datafield>
  <datafield tag="100" ind1="1" ind2=" ">
    <subfield code="a">Linstädt, Axel,</subfield>
    <subfield code="d">1947-</subfield>
  </datafield>
  <datafield tag="670" ind1=" " ind2=" ">
    <subfield code="a">Im Lauf der Zeit, 2016:</subfield>
    <subfield code="b">end credits (Axel Linstädt, original music)</subfield>
  </datafield>
  <datafield tag="670" ind1=" " ind2=" ">
    <subfield code="a">IMDb website, viewed Jan. 3, 2020</subfield>
    <subfield code="b">(Axel Linstädt, composer; b. 1947 in Nuremberg, Germany)</subfield>
  </datafield>
</record>