
<record>
  <leader>01505nz  a2200253n  4500</leader>
  <controlfield tag="001">11258275</controlfield>
  <controlfield tag="003">DLC</controlfield>
  <controlfield tag="005">20200104073030.0</controlfield>
  <controlfield tag="008">200103n| azannaabn          |a ana     c</controlfield>
  <datafield tag="010" ind1=" " ind2=" ">
    <subfield code="a">no2020000556</subfield>
  </datafield>
  <datafield tag="035" ind1=" " ind2=" ">
    <subfield code="a">(OCoLC)oca12668537</subfield>
  </datafield>
  <datafield tag="040" ind1=" " ind2=" ">
    <subfield code="a">LNT</subfield>
    <subfield code="b">eng</subfield>
    <subfield code="e">rda</subfield>
    <subfield code="c">LNT</subfield>
  </datafield>
  <datafield tag="110" ind1="2" ind2=" ">
    <subfield code="a">Sistema museale di Carbonia</subfield>
  </datafield>
  <datafield tag="368" ind1=" " ind2=" ">
    <subfield code="a">Administrative agencies</subfield>
    <subfield code="a">Museums</subfield>
    <subfield code="2">lcsh</subfield>
  </datafield>
  <datafield tag="370" ind1=" " ind2=" ">
    <subfield code="c">Italy</subfield>
    <subfield code="e">Carbonia (Italy)</subfield>
    <subfield code="2">naf</subfield>
  </datafield>
  <datafield tag="372" ind1=" " ind2=" ">
    <subfield code="a">Museums--Management</subfield>
    <subfield code="a">Archaeological museums and collections</subfield>
    <subfield code="a">Carbonia Region (Italy)--Antiquities</subfield>
    <subfield code="2">lcsh</subfield>
  </datafield>
  <datafield tag="377" ind1=" " ind2=" ">
    <subfield code="a">ita</subfield>
  </datafield>
  <datafield tag="410" ind1="2" ind2=" ">
    <subfield code="a">Sistema museale Carbonia</subfield>
  </datafield>
  <datafield tag="410" ind1="2" ind2=" ">
    <subfield code="a">SIMUC (Sistema museale di Carbonia)</subfield>
  </datafield>
  <datafield tag="410" ind1="2" ind2=" ">
    <subfield code="a">Sistema museale della città di Carbonia</subfield>
  </datafield>
  <datafield tag="410" ind1="2" ind2=" ">
    <subfield code="a">SiMuC di Carbonia (Sistema museale di Carbonia)</subfield>
  </datafield>
  <datafield tag="410" ind1="1" ind2=" ">
    <subfield code="a">Carbonia (Italy).</subfield>
    <subfield code="b">Sistema museale di Carbonia</subfield>
  </datafield>
  <datafield tag="510" ind1="2" ind2=" ">
    <subfield code="w">r</subfield>
    <subfield code="i">Hierarchical superior:</subfield>
    <subfield code="a">Carbonia (Italy)</subfield>
  </datafield>
  <datafield tag="670" ind1=" " ind2=" ">
    <subfield code="a">Sistema museale di Carbonia website, 3 January 2020:</subfield>
    <subfield code="b">main page (SIstema MUseale Carbonia; Sistema Museale di Carbonia; copyright: SIstema MUseale di Carbonia) SIMUC (Sistema Museale di Carbonia (SiMuC); SiMuC di Carbonia; museums and archaeological parks; comprises: Museo Archeologico Villa Sulcis, Parco Archeologico di Monte Sirai-Nuraghe Sirai, Parco Urbano di Cannas di Sotto, and Museo del Palaeoambienti Sulcitani “E.A.Martel”) Museo archeologico Villa Sulcis (Sistema Museale della città di Carbonia (SIMUC); Comune di Carbonia; Museo archeologico Villa Sulcis, heart of SIMUC)</subfield>
    <subfield code="u">https://www.carboniamusei.it</subfield>
  </datafield>
</record>