
<record>
  <leader>00703nz  a2200181n  4500</leader>
  <controlfield tag="001">11258276</controlfield>
  <controlfield tag="003">DLC</controlfield>
  <controlfield tag="005">20200104073030.0</controlfield>
  <controlfield tag="008">200103n| azannaabn          |n aaa     c</controlfield>
  <datafield tag="010" ind1=" " ind2=" ">
    <subfield code="a">no2020000557</subfield>
  </datafield>
  <datafield tag="035" ind1=" " ind2=" ">
    <subfield code="a">(OCoLC)oca12668538</subfield>
  </datafield>
  <datafield tag="040" ind1=" " ind2=" ">
    <subfield code="a">IEN</subfield>
    <subfield code="b">eng</subfield>
    <subfield code="e">rda</subfield>
    <subfield code="c">IEN</subfield>
  </datafield>
  <datafield tag="046" ind1=" " ind2=" ">
    <subfield code="f">1767</subfield>
    <subfield code="g">1849-01-03</subfield>
    <subfield code="2">edtf</subfield>
  </datafield>
  <datafield tag="100" ind1="1" ind2=" ">
    <subfield code="a">Uppink, Willem,</subfield>
    <subfield code="d">1767-1849</subfield>
  </datafield>
  <datafield tag="370" ind1=" " ind2=" ">
    <subfield code="a">Amsterdam (Netherlands)</subfield>
    <subfield code="b">Amsterdam (Netherlands)</subfield>
    <subfield code="2">naf</subfield>
  </datafield>
  <datafield tag="374" ind1=" " ind2=" ">
    <subfield code="a">Painters</subfield>
    <subfield code="2">lcsh</subfield>
  </datafield>
  <datafield tag="375" ind1=" " ind2=" ">
    <subfield code="a">Males</subfield>
    <subfield code="2">lcdgt</subfield>
  </datafield>
  <datafield tag="670" ind1=" " ind2=" ">
    <subfield code="a">Willem Uppink (1767-1849), b ehangsel- en landschapsschilder, 2019:</subfield>
    <subfield code="b">title page (Willem Uppink) page 187 (born 1767 in Amsterdam, baptised November 18; died January 3, 1849 in Amsterdam; painter mostly of canvas wall hangings; he)</subfield>
  </datafield>
</record>