
<record>
  <leader>00746nz  a2200217n  4500</leader>
  <controlfield tag="001">11258280</controlfield>
  <controlfield tag="003">DLC</controlfield>
  <controlfield tag="005">20200104073030.0</controlfield>
  <controlfield tag="008">200103n| azannaabn          |a ana     c</controlfield>
  <datafield tag="010" ind1=" " ind2=" ">
    <subfield code="a">no2020000561</subfield>
  </datafield>
  <datafield tag="034" ind1=" " ind2=" ">
    <subfield code="d">E0204305</subfield>
    <subfield code="e">E0204305</subfield>
    <subfield code="f">N0402129</subfield>
    <subfield code="g">N0402129</subfield>
    <subfield code="2">geonet</subfield>
  </datafield>
  <datafield tag="035" ind1=" " ind2=" ">
    <subfield code="a">(OCoLC)oca12668542</subfield>
  </datafield>
  <datafield tag="040" ind1=" " ind2=" ">
    <subfield code="a">NNC</subfield>
    <subfield code="b">eng</subfield>
    <subfield code="e">rda</subfield>
    <subfield code="c">NNC</subfield>
  </datafield>
  <datafield tag="043" ind1=" " ind2=" ">
    <subfield code="a">e-aa---</subfield>
  </datafield>
  <datafield tag="151" ind1=" " ind2=" ">
    <subfield code="a">Starjë (Albania)</subfield>
  </datafield>
  <datafield tag="368" ind1=" " ind2=" ">
    <subfield code="b">Cities and towns</subfield>
    <subfield code="2">lcsh</subfield>
  </datafield>
  <datafield tag="370" ind1=" " ind2=" ">
    <subfield code="c">Albania</subfield>
    <subfield code="f">Korçë (Albania : Rrethi)</subfield>
    <subfield code="2">naf</subfield>
  </datafield>
  <datafield tag="451" ind1=" " ind2=" ">
    <subfield code="a">Starja (Albania)</subfield>
  </datafield>
  <datafield tag="670" ind1=" " ind2=" ">
    <subfield code="a">Starja vatër atdhetarie, 2018:</subfield>
    <subfield code="b">title page (Starja)</subfield>
  </datafield>
  <datafield tag="670" ind1=" " ind2=" ">
    <subfield code="a">Geonet, January 2, 2020</subfield>
    <subfield code="b">(Starjë (approved); Starja (variant); PPL in Korçë region, Albania; 40°21ʹ29ʺN 020°43ʹ05ʺE)</subfield>
  </datafield>
  <datafield tag="781" ind1=" " ind2="0">
    <subfield code="z">Albania</subfield>
    <subfield code="z">Starjë</subfield>
  </datafield>
</record>