
<record>
  <leader>00440nz  a2200145n  4500</leader>
  <controlfield tag="001">11258283</controlfield>
  <controlfield tag="003">DLC</controlfield>
  <controlfield tag="005">20200104073031.0</controlfield>
  <controlfield tag="008">200103n| azannaabn          |n aaa     c</controlfield>
  <datafield tag="010" ind1=" " ind2=" ">
    <subfield code="a">no2020000564</subfield>
  </datafield>
  <datafield tag="035" ind1=" " ind2=" ">
    <subfield code="a">(OCoLC)oca12668545</subfield>
  </datafield>
  <datafield tag="040" ind1=" " ind2=" ">
    <subfield code="a">NcWfSBL</subfield>
    <subfield code="b">eng</subfield>
    <subfield code="e">rda</subfield>
    <subfield code="c">NcWfSBL</subfield>
  </datafield>
  <datafield tag="046" ind1=" " ind2=" ">
    <subfield code="f">1987</subfield>
    <subfield code="2">edtf</subfield>
  </datafield>
  <datafield tag="100" ind1="1" ind2=" ">
    <subfield code="a">Thacker, Jason,</subfield>
    <subfield code="d">1987-</subfield>
  </datafield>
  <datafield tag="670" ind1=" " ind2=" ">
    <subfield code="a">The age of AI: artificial intelligence and the future of humanity, 2020 :</subfield>
    <subfield code="b">E-CIP (Thacker, Jason, 1987- )</subfield>
  </datafield>
</record>