
<record>
  <leader>01237nz  a2200253n  4500</leader>
  <controlfield tag="001">11258284</controlfield>
  <controlfield tag="003">DLC</controlfield>
  <controlfield tag="005">20200104073031.0</controlfield>
  <controlfield tag="008">200103n| azannaabn          |a aaa     c</controlfield>
  <datafield tag="010" ind1=" " ind2=" ">
    <subfield code="a">no2020000565</subfield>
  </datafield>
  <datafield tag="035" ind1=" " ind2=" ">
    <subfield code="a">(OCoLC)oca12668546</subfield>
  </datafield>
  <datafield tag="040" ind1=" " ind2=" ">
    <subfield code="a">N</subfield>
    <subfield code="b">eng</subfield>
    <subfield code="e">rda</subfield>
    <subfield code="c">N</subfield>
  </datafield>
  <datafield tag="046" ind1=" " ind2=" ">
    <subfield code="s">1980-11-20</subfield>
    <subfield code="2">edtf</subfield>
  </datafield>
  <datafield tag="100" ind1="1" ind2=" ">
    <subfield code="a">Zebrowski, Kenneth P.,</subfield>
    <subfield code="d">1980-</subfield>
  </datafield>
  <datafield tag="370" ind1=" " ind2=" ">
    <subfield code="e">Rockland County (N.Y.)</subfield>
    <subfield code="2">naf</subfield>
  </datafield>
  <datafield tag="373" ind1=" " ind2=" ">
    <subfield code="a">Rockland County (N.Y.). Legislature</subfield>
    <subfield code="2">naf</subfield>
    <subfield code="s">2005</subfield>
    <subfield code="t">2005</subfield>
  </datafield>
  <datafield tag="373" ind1=" " ind2=" ">
    <subfield code="a">New York (State). Legislature. Assembly</subfield>
    <subfield code="2">naf</subfield>
    <subfield code="s">2007</subfield>
  </datafield>
  <datafield tag="374" ind1=" " ind2=" ">
    <subfield code="a">Legislators</subfield>
    <subfield code="2">lcsh</subfield>
  </datafield>
  <datafield tag="375" ind1=" " ind2=" ">
    <subfield code="a">Males</subfield>
    <subfield code="2">lcdgt</subfield>
  </datafield>
  <datafield tag="377" ind1=" " ind2=" ">
    <subfield code="a">eng</subfield>
  </datafield>
  <datafield tag="378" ind1=" " ind2=" ">
    <subfield code="q">Kenneth Paul</subfield>
  </datafield>
  <datafield tag="400" ind1="1" ind2=" ">
    <subfield code="a">Zebrowski, Kenneth P.,</subfield>
    <subfield code="c">Jr.,</subfield>
    <subfield code="d">1980-</subfield>
  </datafield>
  <datafield tag="670" ind1=" " ind2=" ">
    <subfield code="a">New York (State). Legislature. Assembly. Standing Committee on Banks. Hearings, November 2018:</subfield>
    <subfield code="b">page 2 (Assembly Member Kenneth Zebrowski - Chair, Assembly Standing Committee on Banks)</subfield>
  </datafield>
  <datafield tag="670" ind1=" " ind2=" ">
    <subfield code="a">New York red book, 2007-2008:</subfield>
    <subfield code="b">page 401 (Kenneth P. Zebrowski, ... (Rockland County) ... his ... Kenneth Paul Zebrowski was first elected to the State Assembly in a special election on May 1, 2007 ... In 2005, Zebrowski served in the Rockland County Legislature); 2017, page 371 (Kenneth P. Zebrowski, Jr. ... Kenneth P. Zebrowski (born November 20, 1980))</subfield>
  </datafield>
</record>