
<record>
  <leader>00756nz  a2200169n  4500</leader>
  <controlfield tag="001">11258285</controlfield>
  <controlfield tag="003">DLC</controlfield>
  <controlfield tag="005">20200104073031.0</controlfield>
  <controlfield tag="008">200103n| azannaabn          |n aaa     c</controlfield>
  <datafield tag="010" ind1=" " ind2=" ">
    <subfield code="a">no2020000566</subfield>
  </datafield>
  <datafield tag="035" ind1=" " ind2=" ">
    <subfield code="a">(OCoLC)oca12668547</subfield>
  </datafield>
  <datafield tag="040" ind1=" " ind2=" ">
    <subfield code="a">MsCleD</subfield>
    <subfield code="b">eng</subfield>
    <subfield code="e">rda</subfield>
    <subfield code="c">MsCleD</subfield>
  </datafield>
  <datafield tag="046" ind1=" " ind2=" ">
    <subfield code="f">1916</subfield>
    <subfield code="g">1978-06-22</subfield>
    <subfield code="v">https://www.washingtonpost.com/archive/local/1978/06/22/leo-schubert-62-headed-au-chemistry-faculty/598a0963-78c9-4fad-87cc-1d83a9b12f31/</subfield>
    <subfield code="2">edtf</subfield>
  </datafield>
  <datafield tag="100" ind1="1" ind2=" ">
    <subfield code="a">Schubert, Leo,</subfield>
    <subfield code="d">1916-1978</subfield>
  </datafield>
  <datafield tag="373" ind1=" " ind2=" ">
    <subfield code="a">American University (Washington, D.C.)</subfield>
    <subfield code="2">naf</subfield>
  </datafield>
  <datafield tag="670" ind1=" " ind2=" ">
    <subfield code="a">Chemistry and society, ©1972:</subfield>
    <subfield code="b">title page (Leo Schubert, The American University)</subfield>
  </datafield>
  <datafield tag="670" ind1=" " ind2=" ">
    <subfield code="a">OCLC, January 3, 2020</subfield>
    <subfield code="b">(access points: Schubert, Leo, 1916-; Schubert, Leo; usages: Leo Schubert; L. Schubert)</subfield>
  </datafield>
</record>