
<record>
  <leader>01379nz  a2200265n  4500</leader>
  <controlfield tag="001">11258286</controlfield>
  <controlfield tag="003">DLC</controlfield>
  <controlfield tag="005">20200104073031.0</controlfield>
  <controlfield tag="008">200103n| azannaabn          |b aaa     c</controlfield>
  <datafield tag="010" ind1=" " ind2=" ">
    <subfield code="a">no2020000567</subfield>
  </datafield>
  <datafield tag="035" ind1=" " ind2=" ">
    <subfield code="a">(OCoLC)oca12668548</subfield>
  </datafield>
  <datafield tag="040" ind1=" " ind2=" ">
    <subfield code="a">NjP</subfield>
    <subfield code="b">eng</subfield>
    <subfield code="e">rda</subfield>
    <subfield code="c">NjP</subfield>
  </datafield>
  <datafield tag="046" ind1=" " ind2=" ">
    <subfield code="f">1976</subfield>
    <subfield code="2">edtf</subfield>
  </datafield>
  <datafield tag="100" ind1="1" ind2=" ">
    <subfield code="a">Schoenfeld, Eli,</subfield>
    <subfield code="d">1976-</subfield>
  </datafield>
  <datafield tag="370" ind1=" " ind2=" ">
    <subfield code="a">Petaḥ Tiḳṿah (Israel)</subfield>
    <subfield code="2">naf</subfield>
  </datafield>
  <datafield tag="374" ind1=" " ind2=" ">
    <subfield code="a">Rabbis</subfield>
    <subfield code="a">Educators</subfield>
    <subfield code="2">lcsh</subfield>
  </datafield>
  <datafield tag="375" ind1=" " ind2=" ">
    <subfield code="a">Males</subfield>
    <subfield code="2">lcdgt</subfield>
  </datafield>
  <datafield tag="377" ind1=" " ind2=" ">
    <subfield code="a">heb</subfield>
  </datafield>
  <datafield tag="400" ind1="1" ind2=" ">
    <subfield code="a">Shainfeld, Eli,</subfield>
    <subfield code="d">1976-</subfield>
  </datafield>
  <datafield tag="400" ind1="1" ind2=" ">
    <subfield code="a">Shainfeld, Eliyahu,</subfield>
    <subfield code="d">1976-</subfield>
  </datafield>
  <datafield tag="400" ind1="1" ind2=" ">
    <subfield code="a">שיינפלד, אלי,</subfield>
    <subfield code="d">1976-</subfield>
  </datafield>
  <datafield tag="400" ind1="1" ind2=" ">
    <subfield code="a">שיינפלד, אליהו,</subfield>
    <subfield code="d">1976-</subfield>
  </datafield>
  <datafield tag="667" ind1=" " ind2=" ">
    <subfield code="a">Non-Latin script references not evaluated.</subfield>
  </datafield>
  <datafield tag="670" ind1=" " ind2=" ">
    <subfield code="a">Bet midrash le-ahavah, 2019:</subfield>
    <subfield code="b">t.p. (אלי שיינפלד = Eli Shainfeld) t.p. verso (Eli Schoenfeld [in rom.]) cover page 4 (rabbi and educator, rabbi of &quot;Neṿeh ha-Givʻah&quot; congregation in Givʻat Zeʼev, author of &quot;ha-Yetser, ha-lev ṿeha-adam&quot;, &quot;ha-Ben sheli mitgaber&quot; and &quot;Le-or ha-Shem&quot;)</subfield>
  </datafield>
  <datafield tag="670" ind1=" " ind2=" ">
    <subfield code="a">Wikipedia, January 3, 2020</subfield>
    <subfield code="b">Hebrew version (אליהו שיינפלד = Eliyahu Shainfeld; ha-Rav Eliyahu (Eli) Yaʻaḳov Shainfeld, born 1976 in Petaḥ Tiḳṿah, religious educator, rabbi of &quot;Neṿeh ha-Givʻah&quot; congregation in Givʻat Zeʼev, author of &quot;ha-Yetser, ha-lev ṿeha-adam&quot;, &quot;ha-Ben sheli mitgaber&quot;, &quot;Le-or ha-Shem&quot; and &quot;Bet midrash le-ahavah&quot;)</subfield>
  </datafield>
</record>