
<record>
  <leader>01596nz  a2200241n  4500</leader>
  <controlfield tag="001">11258291</controlfield>
  <controlfield tag="003">DLC</controlfield>
  <controlfield tag="005">20200104073035.0</controlfield>
  <controlfield tag="008">200103n| azannaabn          |a aaa     c</controlfield>
  <datafield tag="010" ind1=" " ind2=" ">
    <subfield code="a">no2020000572</subfield>
  </datafield>
  <datafield tag="035" ind1=" " ind2=" ">
    <subfield code="a">(OCoLC)oca12668553</subfield>
  </datafield>
  <datafield tag="040" ind1=" " ind2=" ">
    <subfield code="a">MH-Mu</subfield>
    <subfield code="b">eng</subfield>
    <subfield code="e">rda</subfield>
    <subfield code="c">MH-Mu</subfield>
  </datafield>
  <datafield tag="046" ind1=" " ind2=" ">
    <subfield code="k">1720</subfield>
    <subfield code="2">edtf</subfield>
  </datafield>
  <datafield tag="100" ind1="1" ind2=" ">
    <subfield code="a">Telemann, Georg Philipp,</subfield>
    <subfield code="d">1681-1767.</subfield>
    <subfield code="t">Daran ist erschienen die Liebe Gottes,</subfield>
    <subfield code="n">TVWV 1:166</subfield>
  </datafield>
  <datafield tag="380" ind1=" " ind2=" ">
    <subfield code="a">Cantatas</subfield>
    <subfield code="a">Christmas music</subfield>
    <subfield code="2">lcgft</subfield>
  </datafield>
  <datafield tag="382" ind1="0" ind2=" ">
    <subfield code="b">soprano voice</subfield>
    <subfield code="n">1</subfield>
    <subfield code="b">alto voice</subfield>
    <subfield code="n">1</subfield>
    <subfield code="b">tenor voice</subfield>
    <subfield code="n">1</subfield>
    <subfield code="b">bass voice</subfield>
    <subfield code="n">1</subfield>
    <subfield code="a">mixed chorus</subfield>
    <subfield code="v">SATB</subfield>
    <subfield code="a">orchestra</subfield>
    <subfield code="2">lcmpt</subfield>
  </datafield>
  <datafield tag="383" ind1=" " ind2=" ">
    <subfield code="c">TVWV 1:166</subfield>
    <subfield code="d">Menke</subfield>
    <subfield code="2">mlati</subfield>
  </datafield>
  <datafield tag="400" ind1="1" ind2=" ">
    <subfield code="a">Telemann, Georg Philipp,</subfield>
    <subfield code="d">1681-1767.</subfield>
    <subfield code="t">Darzu ist erschienen die Liebe Gottes</subfield>
  </datafield>
  <datafield tag="400" ind1="1" ind2=" ">
    <subfield code="a">Telemann, Georg Philipp,</subfield>
    <subfield code="d">1681-1767.</subfield>
    <subfield code="t">Cantatas,</subfield>
    <subfield code="n">TVWV 1:166</subfield>
  </datafield>
  <datafield tag="500" ind1="1" ind2=" ">
    <subfield code="w">r</subfield>
    <subfield code="i">Author:</subfield>
    <subfield code="a">Simonis, Gottfried</subfield>
  </datafield>
  <datafield tag="670" ind1=" " ind2=" ">
    <subfield code="a">Telemann, Georg Philipp. Neues Lied, 2019:</subfield>
    <subfield code="b">page 197 (Darzu ist erschienen die Liebe Gottes, TVWV 1:166; for SATB soloists, mixed chorus, and orchestra) page xli (title from source: Johannes Ringk manuscript in Sing-Akademie zu Berlin) contents (3. Weihnachtstag)</subfield>
  </datafield>
  <datafield tag="670" ind1=" " ind2=" ">
    <subfield code="a">Grove music online, January 3, 2020:</subfield>
    <subfield code="b">Lost church cantatas (Daran ist erschienen, TVWV 1:166)</subfield>
  </datafield>
  <datafield tag="670" ind1=" " ind2=" ">
    <subfield code="a">Menke, Werner. Thematisches Verzeichnis der Vokalwerke von Georg Philipp Telemann, 1988</subfield>
    <subfield code="b">(1:166. Daran (darzu) ist erschienen die Liebe Gottes. 3. Weihnachtstag; 1720; SATB chorus, orchestra; Textdichter: Simonis; source: Bln. Singak.; other works exist with title Daran ist erschienen die Liebe Gottes and Dazu ist erschienen die Liebe Gottes, not Darzu ist erschienen die Liebe Gottes)</subfield>
  </datafield>
</record>
</collection>
